3000 4475
269 1528 313 1592 Et
336 1531 486 1612 primum,
509 1529 555 1592 mi
579 1527 707 1592 domine
730 1527 1003 1610 reverendissime,
1031 1529 1170 1592 invenio
1186 1530 1220 1592 in

199 1648 268 1691 uno
287 1649 325 1690 ex
343 1625 449 1690 Tulli
467 1625 560 1689 libris
580 1647 676 1709 quem
694 1626 875 1690 nominarii
888 1623 939 1690 De
955 1626 1127 1704 virtutibus,
1147 1629 1220 1691 ooio

201 1746 255 1790 res
279 1746 348 1788 esse
372 1745 515 1788 summas
534 1745 616 1807 quoe
635 1723 791 1806 efficiunt,
810 1727 847 1786 ui
865 1724 1028 1807 principes
1047 1728 1080 1787 et
1098 1724 1221 1790 domini

202 1822 407 1907 eideminae,
427 1823 484 1906 qui
502 1820 684 1907 gubernant
699 1822 855 1903 civitates,
874 1822 909 1885 in
927 1821 990 1886 hoo
1009 1821 1129 1886 mundo
1148 1842 1220 1886 oum

201 1942 323 2006 magna
346 1919 451 2006 gloria
468 1921 588 1984 vivant.
626 1916 712 2008 Quas
731 1921 806 1982 octo
825 1939 875 1982 res
894 1917 1048 2004 intellego
1068 1918 1127 1983 rub
1147 1924 1220 1984 ooto

200 2020 313 2106 granis
346 2018 478 2082 seminis
511 2016 750 2103 gloriosissimi,
788 2037 868 2100 quoe
900 2016 1150 2100 proficiscunlur
1182 2038 1220 2080 ex

201 2117 298 2181 corde
319 2116 447 2202 legibus
470 2115 535 2178 fido
560 2120 593 2180 et
615 2135 693 2178 sano
717 2114 795 2180 boui
815 2135 851 2178 oo
870 2112 1036 2200 diligentis
1055 2116 1220 2201 principis,

201 2219 235 2280 et
265 2213 352 2279 valet
382 2215 531 2279 dominus
561 2215 596 2278 in
627 2214 757 2278 civitate
788 2233 847 2277 suo
877 2215 909 2276 ei
939 2233 972 2277 so
1003 2211 1081 2278 fauit
1112 2235 1220 2279 umore

201 2315 327 2378 uultum
350 2316 494 2377 amalum
516 2311 721 2393 honoralum,
744 2333 811 2377 non
834 2310 941 2375 solum
959 2334 978 2375 e
996 2312 1063 2375 suis
1086 2311 1221 2393 civibus,

202 2411 260 2475 sed
288 2410 328 2474 ab
358 2409 508 2475 omnibus
535 2408 731 2474 hominibus.
777 2407 892 2492 Neque
924 2410 1057 2494 paulum
1087 2411 1221 2474 interest

200 2510 360 2594 principis
390 2506 429 2572 ab
458 2509 593 2592 imperio
620 2508 775 2587 subiectis
799 2509 909 2588 amari,
933 2508 960 2598 si
985 2508 1222 2572 reminiscimur

201 2606 411 2692 proverbium
438 2607 592 2689 sapientis
621 2607 677 2688 qui
707 2604 801 2669 dicit:
835 2603 930 2668 ‘Vere
960 2606 1164 2670 existimatur
1192 2608 1220 2670 is

201 2706 354 2791 princeps
383 2705 440 2787 qui
462 2725 481 2766 a
505 2703 629 2768 civibus
658 2705 724 2767 suis
751 2707 886 2767 ematur.
932 2700 1046 2787 Neque
1069 2704 1096 2767 is
1121 2703 1221 2767 domi-

200 2824 264 2869 nus
296 2803 438 2867 civitatis
471 2822 546 2865 suae
579 2804 641 2884 esi,
678 2802 735 2884 qui
773 2800 896 2865 civibus
934 2802 1000 2863 suis
1038 2800 1112 2864 odio
1150 2803 1219 2866 est?

200 2898 307 2965 Immo
340 2902 474 2983 apparet
505 2900 698 2983 prinoipem·
719 2898 866 2962 odiosum
899 2920 965 2964 non
997 2897 1051 2962 diu
1084 2921 1219 2987 regnum

202 2998 348 3063 obtinere
371 3017 475 3080 posse.
1216 3067 1218 3071 .

270 3094 384 3180 Itaque
407 3116 519 3159 verum
543 3098 593 3158 esi
615 3116 653 3159 ex
673 3095 759 3159 bono
780 3095 874 3159 corde
893 3096 971 3160 oriri
989 3095 1091 3160 bonos
1109 3096 1220 3162 volun·
1320 3176 1322 3181 .

201 3198 285 3259 tetes
319 3197 351 3257 et
383 3213 423 3256 ex
455 3192 550 3256 bonis
582 3193 803 3257 voluntatibus
836 3194 914 3257 oriri
946 3214 1044 3280 opera
1073 3194 1220 3277 secunda,

200 3296 335 3376 propior
363 3312 444 3375 quae
469 3292 554 3355 oires
578 3290 749 3355 admodum
777 3295 887 3356 omani
913 3291 1093 3376 prinoipem
1117 3314 1220 3377 suum,

202 3391 261 3475 qui
288 3390 335 3454 eis
364 3392 413 3453 est
441 3391 473 3451 ei
501 3387 596 3452 debet
624 3408 692 3455 esse
721 3409 798 3453 suus
826 3391 1017 3473 praecipuus
1042 3389 1220 3455 thesaurus.

202 3487 248 3553 nt
272 3490 301 3551 si
325 3486 451 3572 aooidii,
474 3489 511 3549 ui
533 3488 683 3570 princeps
707 3486 877 3551 dominove
900 3490 1029 3571 tempus
1053 3492 1220 3553 consumat

202 3588 237 3652 in
257 3585 354 3649 rebus
374 3583 554 3650 inhonestis
574 3606 612 3650 ao
631 3586 767 3670 vitiosis,
781 3586 871 3649 velut
890 3586 924 3648 in
943 3586 1104 3668 sequendo
1124 3588 1222 3651 oomi-

1074 3860 1111 3912 X*
