3000 4475
604 438 660 492 LA
678 436 847 493 SALADE
1190 436 1233 501 35

205 582 298 647 tueri
324 586 357 647 et
384 603 511 647 servare
539 581 611 647 iura
641 580 815 676 privilegia
845 582 1024 667 libertates,
1057 605 1139 667 quae
1171 582 1235 667 ipsi

207 673 301 754 ciues
326 678 379 745 vel
407 701 520 744 eorum
550 679 688 745 maiores
718 680 844 745 meritis
873 682 940 745 suis
968 685 1001 745 et
1029 681 1111 747 bene
1140 681 1235 746 factis

207 778 323 863 adepti
354 781 442 843 eunt:
475 776 522 843 ita
553 778 651 843 enim·
672 782 826 862 potarunt
858 778 963 846 dioara
993 783 1026 844 et
1054 801 1114 864 pro
1146 783 1234 844 carto

207 875 331 943 habere
353 876 417 942 eibi
441 875 629 941 oboeditum
651 875 692 940 iri
711 879 744 940 et
767 897 912 942 severos
936 876 1085 942 dominos
1108 877 1250 942 futuros·

170 975 173 981 ’
208 996 290 1040 esee.
324 973 412 1041 Nam
436 996 547 1040 omnes
567 995 648 1059 quos
671 972 799 1058 inapexi
821 974 924 1040 libros
948 978 981 1040 et
1004 974 1162 1060 quidquid
1184 998 1236 1041 ex·

203 1071 370 1159 parientia
401 1072 569 1137 oculorum
602 1071 712 1157 didici,
750 1072 890 1159 cognovi
926 1072 1077 1138 omnibus
1110 1072 1235 1137 viribus

202 1173 280 1236 iura
317 1192 378 1253 aua
413 1191 573 1255 quemque
611 1170 756 1235 obtinere
793 1171 930 1237 studere.
977 1169 1070 1248 Quod
1108 1165 1136 1234 ei
1169 1192 1235 1235 non

202 1270 375 1355 potestat
399 1289 433 1332 se
457 1268 598 1353 opprimi
620 1267 718 1353 videt,
741 1267 819 1333 deus
843 1269 913 1353 soit,
937 1268 1015 1353 quid
1038 1267 1094 1333 ille
1116 1268 1179 1332 hao
1201 1268 1236 1331 in

202 1388 242 1432 ra
267 1366 393 1453 cogitet
416 1369 449 1431 et
469 1364 558 1449 velit,
581 1387 681 1449 quara
704 1387 800 1450 saepe
822 1388 874 1430 ras
897 1366 1084 1431 inhonestas
1104 1370 1136 1431 et
1153 1367 1235 1450 peri·

204 1464 340 1542 eulosae
353 1462 506 1548 >faciunt
536 1468 569 1530 ot
594 1468 633 1527 ut
655 1487 673 1528 e
696 1465 778 1530 bena
805 1464 942 1529 vivendo
969 1464 1115 1528 nascitur
1141 1465 1235 1529 bene·

207 1562 365 1646 volentia,
385 1562 433 1627 ita
456 1584 498 1626 ex·
518 1561 602 1627 mala
625 1562 721 1628 faotia
744 1562 924 1649 gignuntur
944 1563 1019 1628 odia
1047 1562 1133 1627 bella
1154 1563 1236 1645 peri-

211 1659 298 1744 oula,
319 1659 359 1725 ad
379 1681 461 1744 quae
481 1681 592 1726 omnes
610 1668 678 1726 no'n
701 1660 782 1725 bene
804 1661 910 1745 parati
934 1665 1018 1726 sunt.
1059 1660 1104 1725 Et
1127 1680 1236 1725 secun-

212 1758 290 1823 dam
306 1756 410 1844 legem
430 1756 708 1822 Romanam‘dioit
726 1757 864 1823 'lullus
887 1780 956 1823 esee
980 1781 1059 1843 eam,
1083 1761 1128 1843 ut,
1152 1758 1235 1823 siout

209 1857 299 1922 cives
317 1856 442 1921 domini
464 1855 550 1921 bono
570 1856 699 1921 studere
719 1857 846 1941 debent,
869 1858 915 1921 ita
932 1856 1096 1942 principes
1116 1855 1235 1921 civium

207 1952 311 2020 saluti
334 1953 495 2034 studeant,
518 1956 551 2019 et
573 1953 656 2019 alter
678 1976 738 2039 pro
758 1955 859 2020 altero
882 1977 1010 2041 pugnae
1034 1976 1068 2019 se
1092 1949 1255 2020 commit?

204 2058 279 2119 tera
298 2054 333 2115 et
349 2055 489 2116 mortem
507 2056 663 2139 oppetere
683 2053 807 2117 debeat.
853 2052 898 2118 Et
920 2057 1004 2117 tum:
1026 2051 1166 2136 ‘Hercle
1188 2052 1236 2115 in·
1278 2110 1284 2126 ‚

205 2151 292 2238 quit,
315 2150 444 2234 qualem
467 2149 634 2234 honorem,
657 2152 751 2236 quale
770 2152 932 2235 meritum,
956 2150 1083 2234 qualem
1107 2149 1246 2238 laudem¹

208 2249 398 2335 assequitus
432 2249 461 2313 is
498 2250 662 2334 princeps,
698 2252 756 2333 qui
792 2254 848 2314 aut
884 2272 942 2334 per
978 2248 1145 2314 avaritiam
1179 2252 1235 2311 aut

209 2371 305 2416 auam
334 2351 448 2413 eontra
475 2347 560 2412 cives
591 2347 795 2432 tyrannidem
823 2352 881 2412 aut
906 2370 964 2433 per
997 2347 1094 2412 aliam
1127 2368 1235 2412 earum

208 2467 391 2529 causarum,
414 2443 510 2532 (quaa
534 2467 627 2531 saepe
651 2445 787 2510 oonsilio
811 2445 946 2512 rationis
966 2446 1090 2530 experti
1109 2444 1236 2510 evenire

208 2542 348 2609 Tullus
376 2541 487 2629 dixit),
515 2564 550 2608 se
573 2543 723 2627 civesque
750 2543 895 2628 perdit?
940 2543 985 2608 Et
1007 2549 1078 2608 tum
1101 2543 1142 2608 ad
1163 2564 1236 2627 pro·

211 2641 357 2726 positum
379 2640 465 2706 redit
488 2645 534 2706 et:
560 2639 632 2705 ‘Sin
655 2645 772 2726 autem,
794 2642 910 2726 inquit,
932 2643 1081 2726 princeps
1104 2644 1237 2726 propter

214 2742 383 2824 peecatum
408 2738 541 2822 aliquod
563 2743 620 2807 aut
642 2740 729 2824 quod
754 2739 832 2804 deus
855 2761 928 2805 eum
951 2739 1067 2825 punire
1090 2737 1175 2822 vult,
1202 2737 1236 2801 in

209 2837 381 2904 servanda·
402 2841 459 2902 aut
490 2836 689 2903 defendenda
725 2837 898 2923 diligenter
930 2838 1061 2904 civitate
1098 2839 1236 2901 mortem

210 2935 401 3019 oooumbat,
428 2936 504 3000 talis
531 2956 619 3000 mors
646 2935 677 3001 ai
704 2935 821 3001 honori
850 2938 883 3000 et
911 2935 1032 3021 gloriae
1061 2935 1122 2999 erit
1150 2933 1237 3017 apud

209 3033 369 3101 homines.
410 3032 497 3098 Nam
520 3034 625 3119 prima
646 3034 700 3100 lex
718 3033 865 3099 Romana
884 3034 955 3099 vult
977 3034 1067 3100 iubet
1089 3034 1237 3118 imperat,

208 3135 250 3197 ut
277 3153 389 3197 omnes
416 3153 476 3216 pro
503 3131 573 3197 iure
600 3131 773 3218 privilegio
805 3132 955 3197 libertate
983 3154 1071 3196 arma
1098 3133 1237 3216 capiant,

209 3233 374 3316 pugnent,
404 3230 444 3297 ad
467 3234 605 3295 mortem
630 3229 810 3295 obeundam
834 3230 939 3315 parati
963 3230 1048 3295 sint’.
1095 3229 1237 3308 Quarum
