3000 4475
612 415 682 484 'nn
700 430 868 486 sannen
1220 432 1260 495 17

238 577 300 663 qui
323 575 429 641 dulcia
451 568 549 640 verba
571 595 638 639 non
664 575 806 640 habeant
832 597 936 660 neque
963 577 1045 642 bene
1072 576 1163 662 loqui
1191 599 1262 662 pos·

239 678 323 758 sint,
351 694 447 758 quos,
474 673 501 738 si
530 673 646 738 melius
673 673 765 756 loqui
793 678 939 758 possent,
970 675 1004 739 id
1026 675 1168 742 fauturos
1193 697 1262 739 esse

241 772 427 838 existimare
450 770 617 855 debemus,
640 771 739 836 etiam
758 793 853 856 saepe
875 773 1016 858 principi
1034 772 1136 838 videri
1158 775 1262 858 possit

242 869 366 966 aliquid
380 891 447 934 non
465 868 546 935 bene
561 870 684 935 dietum
699 889 778 951 esse,
796 869 883 954 quod
898 870 970 934 aliis
986 871 1144 956 videatur3
1163 894 1262 956 quare

241 966 393 1036 convenit
411 988 523 1032 omnes
542 968 704 1052 principes
722 966 758 1031 in
775 967 996 1052 respondendo
1010 990 1119 1035 eomes
1137 991 1263 1054 semper

238 1055 318 1131 esse.
365 1065 452 1131 Nam
476 1087 513 1130 eo
539 1065 627 1149 quod
650 1065 789 1152 benigne
813 1066 961 1150 audiunt,
988 1088 1056 1132 sese
1080 1067 1202 1152 optime
1226 1090 1262 1132 ea

237 1165 431 1251 cognovisse
455 1163 642 1248 ostendunt,
671 1167 703 1228 et
726 1163 868 1228 suaviter
890 1165 1084 1248 respondere
1107 1163 1261 1231 audienti-

237 1263 302 1329 bus
331 1261 601 1328 iueundissimum
628 1266 678 1326 est
706 1265 738 1326 et
767 1262 822 1326 dat
848 1263 966 1348 pignus
995 1261 1122 1329 consilii
1154 1284 1262 1329 neees-

237 1361 326 1426 sarii.
370 1359 417 1424 In
445 1359 491 1424 eis
518 1360 614 1424 rebus
643 1382 725 1444 quae
752 1359 873 1425 habent
900 1360 1058 1425 rationem
1081 1360 1262 1426 consentire

238 1458 367 1523 iustitia
399 1462 461 1541 est,
494 1479 510 1521 e
539 1480 602 1542 qua
633 1459 774 1542 pendent
804 1479 915 1523 omnes
947 1458 1089 1542 reliquae
1116 1459 1261 1524 virtutes.

241 1555 288 1620 nt
311 1555 429 1640 siquis
451 1577 518 1620 non
537 1557 730 1642 assequitur,
753 1561 791 1621 ut
809 1557 967 1642 audiatur,
990 1560 1047 1621 aut
1065 1557 1092 1622 si
1112 1556 1261 1622 dominus

244 1675 317 1718 eum
337 1654 385 1718 ita
408 1653 542 1737 audivit,
564 1657 602 1719 ut
624 1654 778 1738 permulti
800 1653 933 1738 faciunt,
957 1656 1014 1739 qui
1033 1677 1125 1719 aures
1144 1660 1177 1719 et
1196 1656 1261 1720 aui·

245 1773 332 1816 mum
355 1751 512 1818 aliorsum
536 1752 721 1836 advertunt,
751 1774 850 1835 quare
878 1757 990 1837 postea
1012 1752 1161 1818 nesciunt
1184 1754 1262 1838 quid

240 1849 466 1934 respondeant,
490 1872 564 1914 nam
588 1849 737 1917 nesciunt
760 1850 838 1935 quid
861 1852 942 1915 alter
962 1851 1088 1935 dixerit,
1111 1854 1151 1934 et,
1175 1853 1262 1936 quod

239 1947 334 2032 peius
358 1951 419 2031 est,
449 1947 537 2031 quod
560 1947 684 2014 domini
711 1951 786 2012 sunt
811 1949 868 2032 qui
892 1970 964 2013 eum
989 1948 1045 2032 qui
1071 1953 1166 2034 rogat
1190 1949 1262 2015 illu·

239 2045 332 2111 dant:
356 2049 427 2110 tum
450 2068 573 2131 pauper
595 2046 651 2110 ille
674 2047 809 2130 supplex
833 2047 890 2130 qui
909 2070 948 2112 ex
966 2047 1145 2133 longinquo
1164 2048 1262 2121 venit,

239 2147 277 2208 ut
299 2164 392 2208 suam
411 2165 479 2208 rem
497 2149 709 2229 consumeret,
731 2145 947 2228 proficiscitur
966 2150 998 2210 et
1016 2145 1105 2211 videt
1128 2168 1161 2211 se
1179 2145 1261 2209 nihil

242 2243 393 2325 effeeisse,
412 2264 521 2309 seeum
539 2265 747 2327 conquerens,
767 2244 853 2326 quod
868 2243 1016 2308 dominus
1031 2244 1138 2329 ipsum
1157 2265 1261 2328 asper-

239 2346 339 2406 natus
363 2344 424 2424 est,
447 2341 523 2406 lieet
546 2341 718 2406 minimum
742 2363 815 2406 eum
839 2345 1008 2426 spreverit,
1032 2342 1142 2425 itaque
1165 2342 1261 2407 rebus

241 2440 310 2503 suis
347 2439 520 2523 desperans
556 2438 625 2503 abit
660 2443 693 2503 et
731 2439 799 2504 dies
839 2444 1016 2523 noctesque
1056 2440 1140 2504 nihil
1172 2440 1260 2504 aliud

243 2536 321 2601 faoit
355 2538 421 2603 nisi
458 2538 580 2623 cogitat
616 2542 648 2603 et
685 2558 704 2600 a
739 2537 798 2603 deo
834 2538 934 2602 alium
969 2537 1135 2603 dominum
1170 2538 1261 2623 petit,

244 2632 352 2699 dioeus
384 2635 475 2700 nullo
508 2634 604 2700 modo
636 2636 707 2700 fieri
738 2657 847 2721 posse,
878 2639 916 2700 ut
949 2637 1041 2720 peius
1074 2635 1137 2700 sibi
1170 2641 1261 2700 esset.

242 2730 366 2797 Deinde
394 2734 480 2797 inter
507 2755 541 2799 se
568 2738 771 2800 murmurant
799 2737 921 2800 seoreto
955 2738 987 2798 et
1015 2733 1112 2798 eorda
1139 2754 1260 2797 veneno

239 2830 305 2895 sibi
328 2831 490 2915 imbuimt,
513 2836 546 2896 et
567 2832 636 2896 vias
655 2837 814 2915 quaerunt
833 2830 951 2916 quibus
975 2830 1075 2895 alium
1094 2831 1261 2895 dominum

240 2926 390 2993 habeant.
423 2927 537 3014 Itaque
555 2931 659 2995 soient
678 2952 790 2995 omnes
808 2930 969 3014 prinsipes
988 2928 1071 2993 nihil
1088 2928 1123 2993 in
1141 2929 1260 2992 mundo

240 3027 332 3110 peius
360 3049 431 3092 esse
458 3032 491 3092 et
517 3028 621 3114 magis
648 3027 745 3093 eorda
767 3027 889 3093 violare
917 3049 1014 3111 quam
1043 3027 1166 3091 domini
1190 3048 1260 3089 oon-

239 3124 462 3209 temptionem.
492 3126 539 3190 ut
551 3147 616 3209 quo
631 3126 759 3190 animus
774 3129 900 3210 spretus
915 3130 963 3190 est
977 3126 1199 3210 praestantior,
1224 3146 1260 3188 eo

241 3223 317 3305 plus
341 3223 428 3288 dolet
452 3228 483 3287 et
506 3225 638 3310 cogitat.
684 3223 825 3288 Proinde
852 3222 962 3288 nullus
990 3224 1139 3308 prinoeps
1168 3226 1261 3307 putet

243 3340 437 3406 quemquam
453 3322 516 3387 sibi
536 3344 605 3387 esse
624 3327 690 3387 tam
705 3323 845 3387 amioum
864 3325 920 3385 aut
939 3320 1141 3404 familiarem,
1160 3322 1261 3403 ouius,

240 3438 319 3481 oum
342 3440 375 3483 se
397 3420 437 3485 ab
461 3420 518 3485 illo
542 3420 651 3505 aliquo
675 3419 772 3483 modo
797 3422 1018 3504 contemptum
1037 3418 1153 3503 videat,
1176 3419 1261 3484 bona

241 3513 393 3581 voluntas
410 3539 477 3582 non
500 3518 698 3582 immutetur.
735 3517 781 3582 Et
799 3517 882 3582 hane
900 3539 968 3580 rem
987 3521 1074 3581 oerta
1092 3518 1260 3582 certiorem

240 3612 361 3679 habere
393 3616 487 3680 debet
518 3638 553 3680 se
584 3637 650 3680 non
682 3615 870 3701 gavisurum
899 3636 967 3680 esse
994 3616 1152 3679 molestiis
1180 3638 1261 3699 quae

240 3711 304 3776 sibi
332 3714 476 3778 aecidere
502 3716 642 3799 possint,
670 3713 746 3778 lieet
773 3713 879 3778 honor
906 3713 974 3797 ipse
998 3714 1032 3778 in
1056 3734 1093 3778 eo
1117 3714 1260 3798 periculo

240 3828 307 3874 non
330 3811 382 3876 sit.
420 3811 474 3875 at
503 3812 530 3875 si
557 3812 706 3896 princeps
735 3811 824 3876 audit
853 3815 884 3875 et
912 3811 1085 3895 respondet
1113 3812 1261 3897 benigne,

296 3926 376 3974 Suppl
387 3926 488 3965 Cicerone
502 3926 537 3966 ed.
548 3926 749 3976 Knoellinger.
