3000 4475
497 422 522 472 3.
542 416 592 472 DE
609 417 814 472 NOMINIBUS
832 417 1012 472 LAUDATIS
1219 417 1263 482 49

240 586 351 648 graves
380 570 471 628 testes
495 589 566 645 esse,
594 573 661 628 tum
683 571 838 648 angustias
861 563 1005 645 pecuniae
1028 570 1140 629 Romae
1163 569 1263 630 fuisse.

242 658 284 717 Et
308 676 493 733 quamquam
513 658 615 719 Cicero
638 659 727 717 huius
749 660 794 717 rei
816 677 964 734 nusquam
986 661 1167 718 mentionem
1189 660 1264 718 facit

239 765 338 823 neque
372 748 492 807 omnino
527 749 607 826 apud
645 766 743 807 rerum
775 747 978 807 Romanarum
1014 750 1171 823 scriptores
1208 749 1263 807 hoe

240 836 358 896 factum
381 841 642 913 commemoratur,
672 839 773 896 tamen
795 836 962 895 Antonium
984 837 1040 896 hoc
1063 837 1180 896 finxisse
1208 857 1262 914 pu-

242 925 369 984 tandum
391 945 451 984 non
479 929 537 1001 est,
568 927 638 1002 quia
666 945 726 985 non
748 926 963 1004 intellegimus
992 929 1045 1001 qui
1072 927 1186 986 factum
1214 927 1263 1000 sit,

242 1015 277 1073 ιιι
298 1016 428 1090 scriptor
445 1015 688 1094 Francogaliieus
711 1015 768 1075 hoc
789 1018 923 1091 tempore
946 1018 976 1074 et
994 1015 1147 1091 Torquato
1170 1018 1262 1092 potis-

241 1104 354 1163 simum
376 1103 455 1162 illud
478 1105 618 1164 accidisse
637 1105 916 1166 comminisceretur.
963 1104 1003 1162 Et
1021 1107 1157 1180 quamvis
1175 1104 1263 1163 valde

240 1191 389 1252 miremur
410 1211 464 1252 nos
488 1194 523 1252 de
548 1194 716 1255 obsessione
739 1194 793 1252 illa
811 1194 922 1270 viginti
941 1196 1084 1270 quattuor
1106 1194 1222 1252 dierum
1246 1213 1263 1252 a

238 1281 326 1340 nullo
360 1283 499 1341 certiores
535 1282 613 1358 fieri,
649 1286 751 1342 tamen
788 1283 989 1358 quaerendum
1025 1286 1083 1341 est:
1121 1282 1263 1357 quidnam

237 1372 385 1430 sciremus
417 1370 453 1430 de
482 1370 580 1431 Olodii
607 1373 792 1446 temeritate,
823 1373 883 1431 nisi
909 1371 1084 1431 haberemus
1113 1369 1263 1431 Ciceronis

237 1453 430 1538 ιιιιιιιιιιιιιι1

333 1548 450 1608 Deinde
468 1549 585 1608 dicatur
608 1549 643 1608 de
662 1550 809 1609 Metello
834 1554 863 1609 et
850 1549 1048 1609 tFabc'uac
1069 1550 1118 1625 28,
1136 1552 1176 1609 10
1197 1541 1264 1629 (24,

244 1639 287 1697 10
302 1630 349 1718 S),
378 1640 431 1713 qui
454 1633 659 1714 perdiderimt
682 1658 813 1698 amorem
836 1640 995 1716 populiet
982 1639 1132 1698 thonore
1156 1639 1264 1698 deiecti

241 1729 315 1786 sunt
337 1728 461 1803 propter
483 1728 627 1787 frumenti
650 1729 725 1787 carit
712 1731 807 1787 tatem
829 1729 941 1788 Romae
965 1723 1118 1787 exortam'.
1163 1728 1263 1803 Atque

241 1814 279 1875 de
302 1815 437 1876 Fabiano
460 1817 590 1892 quodam
613 1817 663 1876 vix
687 1819 814 1895 cogitari
837 1820 949 1892 potest,
978 1837 1046 1876 oum
1072 1818 1128 1876 hoe
1155 1836 1263 1877 nomen

239 1904 428 1981 temporibus
455 1905 568 1965 liberae
594 1908 639 1965 rei
665 1906 803 1982 publicae
831 1926 891 1965 non
918 1908 950 1964 in
972 1907 1134 1982 praeclaris
1163 1927 1262 1966 nume·

239 1996 336 2068 retur,
359 1996 450 2053 immo
474 1994 671 2072 depravatum
695 1999 740 2056 est
764 2016 798 2055 ex
821 1995 946 2069 Fabio,
976 1998 1010 2053 ut
997 1988 1178 2055 t.videtur²
1224 1997 1264 2054 Et

239 2102 313 2143 cum
340 2084 431 2159 paulo
459 2087 528 2161 post
555 2084 679 2160 Pompei
706 2084 743 2143 ab
771 2087 903 2144 Antonio
931 2084 1042 2142 mentio
1075 2084 1141 2159 fiat,
1174 2085 1264 2144 liceat

240 2173 298 2233 hos
322 2171 396 2232 duos
419 2175 499 2232 viros
528 2173 655 2232 nonita
679 2175 768 2253 longo
792 2173 934 2251 temporis
943 2178 1026 2265 spat
1026 2176 1055 2232 ιο
1080 2193 1098 2231 a
1121 2130 1263 2251 Pompeio

239 2262 390 2323 distantes
419 2282 568 2338 quaerere.
614 2264 672 2321 Hic
696 2267 796 2322 autem
825 2247 1030 2336 admonemus,
1063 2264 1142 2340 quod
1170 2283 1265 2339 nuper

240 2353 383 2428 exposuit
414 2352 581 2413 Fridericus
609 2352 815 2412 Muenzer
807 2374 839 2412 ιιι
866 2353 994 2412 Hermae
1022 2353 1080 2412 vol.
1100 2352 1152 2411 XL
1179 2356 1262 2413 1905

241 2460 273 2517 p.
294 2441 336 2499 95
357 2458 421 2516 sqq.
466 2441 554 2500 Anno
574 2442 653 2499 enim
672 2461 698 2500 a.
712 2462 741 2502 u.
757 2460 780 2501 c.
796 2444 859 2501 697
880 2434 921 2522 (a.
937 2440 1003 2501 Ohr.
1019 2462 1046 2499 n.
1064 2434 1120 2522 57)
1142 2445 1264 2517 propter

242 2548 381 2589 annonae
404 2532 561 2589 caritatem
579 2534 677 2589 motus
696 2532 809 2590 Romae
828 2532 975 2591 exstitisse
993 2533 1054 2589 iam
1074 2534 1162 2590 antea
1186 2550 1263 2592 oom-

242 2621 364 2694 portum
386 2618 568 2678 habebamus
590 2640 605 2677 e
624 2621 719 2679 Dione
745 2619 846 2680 Cassio
868 2620 994 2679 XXXIX
1014 2623 1047 2679 9:
1071 2618 1212 2697 Καιῆλθέ
1234 2642 1263 2680 τε

244 2697 301 2767 οὖν
331 2704 347 2767 ὁ
375 2704 555 2788 Κικέρων,
586 2706 637 2769 καὶ
668 2708 754 2788 χάριν
785 2718 819 2791 τῇ
848 2732 877 2769 τε
905 2710 997 2790 βουλῇ
1028 2707 1077 2768 καὶ
1105 2714 1145 2793 τῷ
1179 2708 1262 2794 δήμῳ

243 2794 456 2875 παρασχόντων
478 2795 558 2880 αὐτῷ
580 2806 639 2857 τῶν
663 2796 784 2858 ὑπάτων
807 2796 856 2859 καὶ
879 2796 951 2857 κατὰ
979 2796 1009 2857 τὸ
1034 2795 1191 2873 συνέδριον
1214 2796 1264 2859 καὶ

241 2884 317 2945 κατὰ
340 2883 395 2963 τὴν
419 2884 576 2963 ἐκκλησίαν
598 2885 682 2967 ἔγνω.
705 2890 746 2970 τῷ
769 2909 799 2946 τε
823 2888 972 2971 Πομπηίῳ
995 2885 1049 2963 τὴν
1074 2885 1185 2967 ἔχθραν
1208 2886 1263 2963 τὴν

241 2971 292 3033 ἐπὶ
324 2982 359 3055 τῆ
392 2982 474 3054 φυγῇ
508 2974 609 3053 μεθεὶς
645 2976 813 3056 συνηλλάγη
855 2974 905 3037 καὶ
941 2976 995 3053 τήν
1028 2998 1060 3056 γε
1096 2975 1263 3056 εὐεργεσίαν

337 3146 362 3213 1)
382 3143 445 3198 Tali
463 3146 573 3201 ratione
592 3145 794 3201 haesitationes
814 3145 877 3200 tolli
900 3162 982 3214 posse
1000 3150 1053 3215 put
1055 3163 1106 3200 em.
1145 3145 1185 3200 De
1205 3146 1263 3199 Sci-

241 3214 330 3284 pione
348 3215 506 3271 Aemiliano
526 3216 589 3270 ideo
609 3234 665 3271 non
684 3218 805 3287 cogitari
823 3220 931 3286 potest,
955 3218 1031 3285 quod
1050 3235 1084 3271 ex
1102 3234 1175 3271 anno
1195 3234 1220 3271 a.
1235 3236 1261 3271 u.

243 3302 268 3340 c.
285 3290 337 3339 588
361 3288 423 3355 (168
447 3306 472 3342 a.
492 3285 554 3342 chr
574 3291 612 3357 ιι)
639 3288 779 3343 tributum
806 3306 862 3343 non
889 3289 947 3343 iam
974 3288 1173 3357 imponebatur
1196 3288 1262 3358 (Cic

242 3355 336 3411 deoff.
351 3356 438 3425 nra
457 3358 531 3413 Plnt.
546 3358 646 3415 Aemil
661 3360 739 3414 Paul
751 3366 794 3414 38.
827 3360 922 3429 Marq
927 3360 1029 3414 uardt
1048 3360 1139 3415 Boem.
1155 3361 1261 3415 Stuots-
1305 3387 1308 3392 ⁴

243 3429 415 3499 ocrwaltuap
428 3401 472 3483 i1²
490 3448 517 3513 p
529 3436 579 3484 177
591 3434 651 3501 sq..)
724 3435 750 3514 2)
771 3432 810 3486 Ut
832 3433 899 3497 viri
923 3432 972 3500 qui
990 3430 1080 3485 libera
1099 3448 1128 3484 re
1147 3431 1263 3499 publica

245 3497 376 3564 florebat,
395 3501 503 3555 nobis'
495 3519 525 3554 ιιι
544 3504 667 3558 mentem
685 3502 789 3568 veniat,
809 3504 966 3572 proximum
986 3504 1043 3567 est,
1062 3503 1130 3571 quia
1153 3503 1263 3585 reliqua

244 3585 326 3626 exem
298 3570 376 3624 mla
399 3588 433 3626 ex
455 3573 555 3628 eodem
578 3577 704 3642 tempore
728 3545 845 3643 desdmp
847 3576 877 3628 ta
904 3576 977 3627 sunt.
1016 3544 1143 3627 c'eeerum
1168 3575 1262 3627 nescio

342 3640 475 3698 cctivnm
488 3644 564 3714 quod
576 3647 694 3699 vocatur
708 3662 725 3699 a
738 3645 890 3700 Fabiorum
903 3645 1016 3698 nomine
1033 3645 1190 3699 derivatum
1204 3646 1263 3699 Fa-

248 3713 349 3768 ιιαιινι
367 3730 431 3768 cum
450 3714 545 3784 aliquo
565 3716 741 3771 substantivo
761 3717 942 3771 coniunctum
955 3716 1117 3770 lectum'srt
1135 3717 1165 3769 in
1182 3717 1264 3769 textu

246 3800 330 3851 quem
349 3784 498 3854 exscripsit
515 3787 662 3841 Antonine.
697 3787 769 3842 Vide
788 3788 876 3842 etiam
894 3804 979 3857 supra
997 3805 1024 3856 p.
1036 3792 1070 3840 45
1090 3788 1154 3842 adn
1167 3794 1190 3841 1

300 3882 491 3933 Snenpphcicro.
506 3886 594 3927 errd.K
600 3897 631 3927 oe
636 3888 693 3927 llin
663 3898 747 3937 11ng
749 3916 754 3925 .
1085 3881 1102 3929 4
