3000 4475
563 441 565 444 ’
630 438 686 492 LA
704 438 874 494 SALADE
1223 439 1269 503 15

238 583 331 649 vitoe
352 588 449 669 etque
472 583 588 669 capitis
611 583 792 668 periculum
814 605 874 668 pro
898 605 936 648 eo
960 583 1079 649 adituri
1102 584 1175 649 sint.
1220 584 1271 648 Et

239 681 301 746 ille
322 682 471 767 princeps
495 682 552 766 qni
575 681 668 746 aliter
687 681 774 767 agit*
789 682 869 746 sciat
893 704 926 746 se
946 681 1093 766 sibiipsi
1113 683 1269 747 damnum

241 801 315 846 esse
337 779 511 864 facturum,
540 802 617 844 nam
640 780 768 864 saepius
792 779 922 864 accidit,
950 784 987 845 ut
1009 780 1131 845 bellum
1154 803 1270 866 pugne

242 882 301 942 ant
322 877 386 943 ulio
409 877 554 963 periculo
574 878 652 961 plus
675 877 862 942 detrimenti
885 877 998 942 afferat
1017 878 1147 942 domino
1167 900 1266 961 quom

242 975 382 1061 civibus,
406 999 482 1041 nam
506 976 596 1041 nulla
619 975 734 1060 civitas
759 974 892 1040 carebat
914 975 1060 1060 domino,
1084 975 1140 1039 sed
1164 976 1269 1041 domi-

238 1096 302 1139 nns
336 1096 431 1158 saepe
464 1074 568 1139 caruit
601 1073 829 1138 dominatione.
880 1072 924 1138 Et
960 1072 1014 1138 hic
1045 1074 1143 1137 finem
1176 1074 1270 1159 cepit

239 1172 419 1237 secundum
443 1193 552 1236 meum
575 1171 707 1237 seminis
731 1193 878 1258 granum.
919 1252 922 1255 ᾖ

227 1389 230 1394 ’
330 1367 478 1434 Tertium
511 1373 608 1452 caput
637 1371 756 1432 tractet
787 1367 921 1432 tertium
954 1389 1091 1452 granum
1122 1367 1269 1452 seminis,

237 1467 328 1551 quod
352 1466 482 1531 disserit
505 1467 544 1531 de
567 1466 706 1551 benigne
730 1465 888 1530 audiendo
917 1487 1028 1530 omnes
1054 1466 1202 1531 homines
1231 1471 1269 1530 et

238 1586 314 1630 cum
340 1565 500 1630 suavitate
523 1564 570 1629 eis
592 1563 825 1648 respondendo.

330 1662 379 1726 De
402 1661 464 1727 hec
487 1660 691 1727 sanctissima
719 1661 907 1726 dulcissima
934 1661 1166 1727 amabilissima
1188 1682 1268 1726 con-

238 1761 363 1825 ditione
386 1760 532 1845 loquitnr
554 1759 690 1825 Tullus
715 1764 747 1824 et
770 1758 849 1824 dicit
871 1759 956 1823 hanc
982 1783 1057 1826 vere
1086 1782 1156 1825 eam
1185 1781 1265 1844 esse,

239 1881 323 1943 quae
346 1858 524 1943 plurimum
548 1858 694 1923 conferat
722 1857 763 1921 ad
787 1878 898 1921 omnes
922 1879 1004 1940 quae
1030 1857 1162 1922 omnino
1187 1862 1269 1922 sunt

238 1957 386 2040 virtutes,
408 1979 484 2020 num
507 1956 631 2021 nullam
655 1976 724 2020 esse
743 1977 839 2039 posse
857 1955 1021 2039 virtutem,
1043 1955 1108 2020 nisi
1127 1956 1168 2020 sd
1191 1978 1262 2020 eam

240 2054 412 2120 adiunctae
430 2054 496 2118 sint
514 2054 728 2118 mansuetudo
748 2057 781 2117 et
803 2052 986 2118 affabilitas.
1028 2053 1167 2138 Propter
1189 2075 1260 2117 eam

239 2152 343 2238 igitur
366 2173 478 2219 omnes
501 2155 652 2217 amantur
679 2155 711 2215 et
737 2150 925 2234 laudantur,
953 2156 985 2216 et
1012 2152 1152 2216 maxime
1174 2151 1265 2236 prin-

240 2272 329 2337 ceps,
359 2252 415 2336 qui
446 2255 495 2315 est
524 2250 691 2335 speculum
721 2254 753 2313 et
782 2249 946 2333 exemplar
974 2250 1132 2335 omnium3
1164 2273 1260 2335 quem

240 2353 370 2434 oportet
402 2349 566 2428 omnibus,
603 2348 659 2432 qui
696 2347 859 2432 supplices
891 2370 964 2411 enm
997 2349 1130 2434 adeunt,
1166 2362 1267 2414 eures-

239 2447 393 2531 prsebere
430 2451 464 2511 et
500 2468 555 2511 eos
591 2446 731 2531 benigne
769 2450 801 2510 et
838 2446 974 2512 comiter
1010 2447 1191 2513 auscultare
1228 2451 1268 2513 et.

239 2545 364 2630 audire,
396 2566 478 2630 quoe
509 2544 613 2609 velint
645 2544 750 2609 dicere
781 2543 833 2608 vel
863 2543 1053 2629 supplicare.
1099 2543 1183 2608 Tum
1213 2567 1263 2609 re·

239 2644 396 2727 spondere
428 2643 469 2706 iis
502 2641 597 2707 debet
629 2642 746 2725 amice,
784 2645 816 2706 11
848 2642 917 2706 sine
949 2663 1041 2706 mora
1073 2647 1130 2707 aut
1162 2664 1259 2725 quam

239 2741 404 2807 celerrime
434 2744 545 2824 potest
573 2740 724 2825 precibus
755 2761 866 2804 eorum
897 2740 981 2807 iuste
1010 2740 1106 2806 fectis
1137 2740 1289 2805 obtem·

237 2860 350 2923 perere
373 2843 407 2904 et
430 2839 561 2924 exsequi
581 2860 663 2922 quac
685 2839 863 2924 petiemnt3
886 2838 961 2903 inde
979 2838 1066 2902 enim
1084 2859 1141 2922 per
1159 2838 1260 2924 Pega-

238 2959 323 3021 sum,
351 2957 471 3022 equum
498 2937 658 3020 optimum
685 2931 823 3020 cletum,
850 2936 1063 3002 mansuetudo
1091 2958 1203 3000 eorum
1227 2941 1266 3001 et·

236 3035 322 3100 bono
350 3034 438 3098 foma
464 3034 663 3118 portabitur,
690 3036 780 3099 velut
807 3034 862 3099 ille
892 3034 969 3100 olim
996 3033 1168 3098 Persarum
1196 3034 1258 3098 rir-

236 3137 324 3198 tutes
345 3136 381 3198 et
403 3131 553 3197 Hectoris
575 3133 734 3217 portavit,
761 3155 820 3198 nec
843 3154 909 3197 non
933 3131 1078 3197 Caesaris
1106 3132 1265 3197 aliorum·-

238 3252 300 3313 que
327 3252 426 3295 manu
453 3230 589 3295 fortium
617 3234 649 3295 et
678 3252 753 3296 cum
781 3231 901 3295 virtute
928 3230 1115 3295 viventium.
1161 3229 1257 3294 Etsi

239 3329 312 3411 quis
336 3328 434 3394 dicut:
459 3326 584 3411 ‘certe
607 3328 704 3393 etium
724 3349 784 3415 ego
808 3332 889 3413 puto
913 3328 1093 3413 principem
1117 3328 1256 3414 benigne

237 3425 395 3490 audiendo
419 3430 452 3490 et
473 3426 697 3511 respondendo
725 3449 868 3491 amorem
896 3426 959 3491 sibi
987 3426 1171 3510 conciliare,
1201 3426 1257 3492 sed

237 3524 264 3588 si
293 3522 366 3607 quis
393 3522 525 3589 insanus
553 3528 586 3588 et
615 3524 805 3589 temerarius
839 3529 895 3589 aut
926 3525 1035 3590 fatuus
1063 3546 1082 3587 1
1109 3524 1257 3608 principe

237 3625 327 3705 petat
356 3621 442 3705 quod
469 3626 579 3706 petere
606 3643 672 3686 non
699 3624 796 3688 liceat
823 3626 878 3688 aut
902 3645 966 3707 quo
994 3644 1061 3687 non
1083 3621 1180 3688 liceat
1202 3644 1256 3706 pe-

237 3719 326 3784 tendi
348 3718 455 3800 modo,
478 3742 550 3784 enm
573 3721 724 3806 princeps
747 3743 826 3785 num
849 3720 961 3785 audire
985 3720 1118 3785 debct‘?'
1164 3719 1264 3803 Sane?

238 3814 373 3880 Tullus
395 3814 473 3881 huic
495 3818 684 3908 respondet,
710 3841 788 3885 eum
809 3818 924 3885 sudire
946 3819 1063 3902 dehet,
1082 3840 1169 3883 num
1188 3823 1282 3877 sunu
