3000 4475
562 1140 874 1214 PRAEFATIO

302 1303 380 1363 (lum
403 1306 582 1380 scriptorum
601 1303 779 1362 Graecorum
798 1305 943 1380 reliquiae
967 1304 1035 1362 inde
1058 1303 1095 1363 ab
1116 1305 1233 1379 aliquot

214 1397 300 1453 annis
314 1397 460 1470 perpetuo
474 1393 600 1470 integris
615 1411 703 1468 saepe
722 1393 807 1453 libris
825 1393 951 1470 repertis
966 1397 1140 1471 augeantur,
1154 1412 1233 1452 nova

214 1488 408 1542 monumenta
421 1483 592 1541 litterarum
602 1482 805 1550 Romanarum
818 1482 850 1540 in
863 1483 962 1541 lucem
975 1482 1115 1541 emissum
1129 1484 1169 1541 iri
1182 1485 1233 1540 vix

215 1573 277 1630 iam
299 1571 500 1648 sperabamus.
547 1571 611 1640 Quo
638 1571 735 1648 magis
759 1571 888 1648 gaudere
916 1571 1000 1631 nobis
1023 1572 1125 1645 liceat,
1154 1571 1233 1647 quod

216 1662 368 1737 complura
395 1679 577 1736 quamquam
599 1663 716 1720 mutata
739 1663 829 1735 atque
852 1660 934 1718 haud
957 1660 1002 1718 ita
1025 1679 1135 1738 magna
1153 1661 1232 1738 frag-

215 1753 316 1809 menta
339 1751 437 1825 operis
466 1749 653 1808 ciceroniani
675 1769 735 1809 non
762 1751 823 1807 iam
846 1752 911 1809 noti
938 1753 1057 1825 praeter
1083 1753 1233 1826 exspecta·

215 1841 328 1898 tionem
351 1839 435 1897 nobis
460 1839 640 1915 obtigerunt.
679 1837 760 1907 Quae
785 1840 927 1913 quoniam
951 1838 1116 1914 bibliopola
1143 1839 1232 1897 hone-

215 1928 363 1987 stissimus
395 1929 473 1987 hunc
505 1927 640 1985 libellum
673 1928 752 1986 inter
784 1927 981 1987 bibliothecae
1010 1928 1233 1987 Teubnerianae

215 2017 369 2076 volumina
395 2016 520 2092 recepit,
551 2016 735 2075 Ciceronis
764 2016 803 2075 de
830 2016 1033 2076 virtutibus
1061 2017 1131 2075 libri
1154 2018 1233 2094 frag·

215 2109 317 2165 menta
340 2106 493 2165 collecturi
516 2124 618 2165 sumus
641 2108 694 2179 ita,
717 2108 759 2179 ut,
783 2105 839 2164 etsi
859 2105 1008 2165 Ciceronis
1027 2106 1117 2164 verba
1135 2106 1233 2184 legere

215 2215 275 2256 non
298 2195 455 2272 possimus,
477 2212 523 2254 res
547 2197 649 2255 tamen
671 2194 841 2254 habeamus

306 2284 365 2344 Sed
387 2286 561 2360 priusquam
581 2284 619 2343 ad
642 2303 678 2343 ee
696 2302 773 2359 quae
792 2284 878 2343 nobis
901 2284 1058 2343 tractanda
1078 2283 1234 2359 proposui·

216 2392 282 2433 mus
305 2374 488 2449 accedamus,
512 2376 625 2451 gratias
647 2392 701 2451 nos
723 2392 812 2450 agere
831 2376 950 2449 oportet
972 2376 1009 2433 iis
1032 2374 1105 2432 viris
1130 2373 1233 2448 doctis,

218 2462 268 2538 qui
291 2462 328 2521 de
350 2463 407 2523 hoc
430 2463 572 2539 opusculo
592 2464 703 2539 optime
722 2462 823 2521 meriti
846 2465 925 2523 sunt.
971 2462 1071 2539 Atque
1090 2462 1233 2520 maximas
1251 2504 1254 2511 -

218 2552 353 2627 persolvo
390 2552 504 2631 gratias
536 2552 679 2610 Rroaaoo
709 2551 871 2611 Wunuscu
904 2552 955 2627 qui
988 2570 1047 2625 me,
1083 2556 1118 2609 ut
1154 2551 1233 2610 hunc

219 2639 351 2700 laborem
383 2641 576 2717 susciperem,
613 2643 729 2699 monuit
762 2660 935 2716 semperque
967 2642 999 2698 in
1030 2640 1133 2699 libello
1166 2658 1235 2699 con·

219 2729 373 2788 scribendo
397 2748 457 2806 qua
480 2732 525 2789 est
542 2730 724 2789 liberalitate
748 2732 779 2788 et
798 2730 941 2797 doctrina
956 2729 1042 2788 iuvit.
1089 2727 1233 2789 Omnibus

219 2822 318 2877 eutem
349 2820 381 2876 in
412 2818 513 2893 rebus,
549 2838 625 2895 qnae
658 2819 696 2877 ed
727 2819 863 2897 linguam
895 2821 926 2878 et
957 2818 1073 2877 litteras
1106 2809 1233 2877 Franco·

219 2908 342 2984 gallicas
366 2910 511 2983 spectant,
540 2908 667 2966 maxime
689 2910 721 2966 in
743 2908 893 2966 reddendo
916 2909 1010 2966 latine
1033 2908 1085 2966 illo
1108 2908 1234 2966 Antonii

220 2997 270 3071 qui
296 2998 469 3055 nominatur
500 2997 536 3055 de
565 2997 596 3056 la
627 2996 694 3055 Sale
722 3000 863 3056 contextu
890 2996 1063 3056 Dmnurous
1087 2996 1233 3055 Bauanus

220 3085 386 3144 adiutorem
421 3105 520 3144 meum
557 3105 587 3144 se
628 3088 781 3161 praestitit
822 3086 1076 3162 benignissimum.
1135 3084 1233 3143 Unam

220 3172 347 3250 denique
375 3193 439 3233 rem
466 3194 562 3251 neque
589 3178 676 3251 parvi
702 3175 846 3234 momenti
869 3175 1059 3234 Farnrarous
1081 3174 1234 3233 Munuznn

219 3282 270 3337 per
292 3264 410 3322 litteras
434 3263 557 3323 comiter
584 3283 630 3322 me
655 3264 768 3344 docuit3
801 3265 880 3339 quod
908 3283 961 3323 suo
989 3265 1054 3322 loco
1083 3263 1232 3322 adnotavi.

220 3350 333 3420 Quibus
357 3352 494 3411 omnibus
517 3352 590 3412 viris
613 3371 730 3429 semper
757 3372 804 3411 me
832 3353 964 3411 deditum
993 3354 1056 3412 fore
1083 3352 1233 3428 promitto.
1309 3421 1311 3425 .

306 3440 393 3500 Nunc
420 3460 517 3518 pauca
544 3442 579 3499 de
609 3445 693 3501 textu
723 3461 810 3517 quem
839 3443 919 3501 infra
947 3444 1082 3500 emittam
1110 3441 1234 3500 dicenda

221 3532 296 3588 sunt
341 3530 522 3589 Antonius
546 3531 586 3588 de
610 3531 644 3589 la
664 3530 745 3590 Sale
770 3533 897 3607 scriptor
915 3531 1156 3607 Francogallicus
1180 3533 1234 3606 qui

220 3617 320 3678 floruit
339 3620 444 3694 quinto
464 3619 576 3679 decimo
596 3622 714 3679 saeculo
734 3625 763 3678 et
782 3622 893 3679 multos
912 3622 1069 3696 scriptores
1085 3620 1233 3679 Romanos

220 3710 310 3783 novit,
343 3709 520 3784 compluries
551 3710 582 3767 in
609 3728 696 3786 opere
724 3728 777 3769 suo
807 3709 891 3786 quoi
912 3709 1099 3782 inscriptum
1122 3713 1173 3762 ess
1191 3709 1248 3761 Lu
