3000 4475
524 361 526 365 ¹
604 369 660 423 LA
678 368 847 423 SALADE
1194 370 1236 432 29

214 536 281 600 que
296 514 366 579 est'.
397 512 600 598 Quapropter
613 512 718 578 bonus
732 514 881 597 princeps
897 513 991 579 debet
1006 537 1024 578 a
1039 514 1097 578 deo
1112 536 1237 598 semper

214 615 329 698 petere
363 611 519 677 auxilium
555 615 585 677 et
621 611 851 676 abundantiam
887 613 1032 676 omnium
1068 613 1237 695 bonorum,

215 710 317 776 etiam
340 710 510 774 eonsilium
533 713 566 773 et
588 709 804 794 prudentiam,
827 701 944 795 quibus
963 732 1000 775 ea
1019 709 1100 776 beno
1124 711 1237 796 guber-

216 812 284 893 net,
305 829 354 892 ne,
378 809 406 872 si
428 807 513 872 mala
530 808 662 872 fortuna
680 812 793 872 eontra
816 829 888 872 eum
913 810 1095 891 surrexerit,
1119 808 1238 872 offendi

215 905 323 992 possit
345 907 532 990 imparatus.
570 904 620 970 lto
644 905 673 970 ei
692 906 754 970 erit
772 926 889 992 magna
909 907 1063 971 securitas
1082 910 1115 970 et
1134 906 1238 991 gloria

213 1008 249 1070 et
276 1003 383 1069 honor
410 1026 560 1090 magnus,
588 1025 742 1090 magnum
770 1026 845 1069 vero
874 1004 1027 1089 gaudium
1054 1007 1088 1067 et
1114 1004 1238 1069 laetitia

213 1103 257 1168 iis
282 1123 366 1187 quos
390 1102 489 1188 regit,
512 1103 568 1186 qui
592 1124 629 1167 eo
653 1103 758 1187 magis
782 1103 812 1167 ei
835 1101 1006 1168 oboediant
1030 1102 1064 1166 in
1087 1101 1237 1166 omnibus

212 1201 314 1266 rebus
337 1222 418 1285 quas
437 1200 645 1264 mandaverit.
684 1197 783 1264 Cuius
801 1201 848 1265 rei
867 1200 965 1265 etiam
979 1198 1115 1264 Tullus
1139 1204 1237 1264 testes

211 1298 299 1364 alios
323 1298 429 1382 affert,
461 1297 585 1364 seilicet
606 1297 775 1362 Metellum
800 1302 832 1363 et
855 1297 1046 1382 Fabianum,
1075 1301 1237 1362 senatores

213 1396 341 1462 Romae
364 1395 546 1481 praeclaros
572 1399 604 1460 et
627 1395 720 1459 valde
743 1401 881 1480 amatos,
909 1398 1071 1480 quomodo
1095 1396 1238 1481 perdide-

216 1495 285 1559 rint
316 1515 459 1559 amorem
491 1494 606 1580 populi
635 1497 668 1558 et
698 1493 821 1560 honore
854 1494 968 1560 deieoti
998 1498 1074 1559 sunt
1106 1497 1239 1579 propter

217 1593 373 1657 frumenti
401 1593 568 1657 caritatem
592 1592 712 1656 ltomae
737 1597 891 1658 exortam.
937 1593 1107 1658 Praeterea
1129 1596 1238 1656 narrat

219 1689 390 1775 populum,
413 1712 487 1755 eum
512 1687 628 1754 Caesar
650 1689 828 1775 adveniret,
856 1691 1024 1776 reliquisse
1046 1690 1238 1775 Pompeium

218 1786 262 1852 ob
294 1810 438 1853 annonae
469 1789 633 1852 caritatem
664 1810 728 1871 qua
759 1789 969 1874 vexabantur,
1000 1793 1031 1853 et
1063 1787 1238 1870 Caesarem,

217 1886 308 1970 quod
331 1887 485 1950 continuo
509 1910 548 1952 ex
572 1885 749 1969 Campania
773 1891 806 1952 et
829 1887 977 1952 Sardinia
1000 1907 1150 1971 magnam
1174 1887 1238 1950 fru-

215 1985 322 2049 menti
345 1985 471 2068 copiam
494 1990 676 2067 arcesseret,
700 1986 847 2051 adiutum
866 1988 899 2050 et
916 1989 1058 2051 amatum
1082 2006 1158 2050 esee.
1195 1983 1239 2048 Et

214 2082 341 2148 multae
368 2082 449 2148 aliae
478 2082 625 2148 civitates
653 2085 748 2149 urbes
777 2083 908 2149 castella
936 2082 1171 2148 dominationes
1200 2104 1238 2146 ex

217 2181 319 2246 simili
336 2182 529 2247 necessitate
544 2183 718 2267 perierunt,
739 2182 830 2247 euius
845 2203 956 2247 omnes
972 2181 1133 2266 sapientes
1152 2181 1238 2266 prin-

215 2281 308 2365 cipes
330 2283 364 2344 et
382 2280 406 2343 ii
425 2282 482 2364 qui
501 2281 682 2365 gubernant
701 2302 752 2345 res
771 2281 926 2366 publicas,
945 2280 1103 2345 rationem
1121 2280 1238 2344 habere

216 2377 339 2442 debent
362 2381 395 2443 et
418 2400 513 2463 saepe
535 2379 706 2444 reminisci.
752 2379 797 2443 Et
820 2379 874 2443 hio
896 2378 991 2443 finem
1014 2378 1131 2442 faeiem
1154 2378 1238 2442 sexti

214 2476 285 2540 mei
309 2477 440 2541 seminis
463 2477 564 2562 grani.

311 2670 416 2756 Caput
431 2673 604 2758 septimum
618 2673 764 2758 loquitur
774 2672 812 2738 de
827 2674 965 2758 septimo
981 2672 1113 2736 seminis
1128 2692 1238 2757 grano,

217 2769 309 2855 quod
337 2769 465 2836 disserit
493 2771 654 2856 quomodo
682 2770 768 2836 bona
795 2771 842 2835 rei
869 2770 1017 2855 publicae
1045 2768 1238 2833 continenda

217 2868 367 2954 augenda
390 2870 607 2935 conservanda
634 2870 699 2934 sint
728 2871 795 2934 sive
822 2870 856 2933 in
879 2869 986 2954 regnis
1011 2868 1077 2931 sive
1105 2868 1140 2932 in
1163 2868 1237 2931 eivi-

217 2966 350 3031 tatibus.

311 3064 421 3130 Seiant
444 3068 610 3150 praeterea
628 3088 739 3131 omnes
759 3066 919 3151 principes
939 3070 971 3130 et
990 3065 1046 3148 qui
1065 3085 1114 3127 res
1134 3064 1237 3147 publi-

215 3184 275 3229 eas
303 3162 496 3248 gubernant,
524 3187 621 3228 unam
649 3187 688 3228 ex
717 3165 835 3249 causis,
863 3186 920 3230 eur
948 3163 1069 3227 domini
1097 3166 1129 3227 et
1152 3163 1238 3245 prin·

218 3261 308 3345 eipes
330 3284 350 3326 a
372 3263 440 3327 suis
464 3266 620 3347 amentur,
644 3285 713 3328 eam
737 3284 821 3347 esse,
844 3261 931 3346 quod
953 3261 1110 3325 aerarium
1134 3259 1238 3343 publi-

218 3381 294 3424 eum
318 3364 349 3424 et
372 3360 452 3425 alios
471 3359 593 3426 reditus
613 3361 668 3445 qui
688 3361 849 3426 communi
870 3359 988 3425 civium
1007 3358 1143 3423 utilitati
1162 3362 1237 3421 sunt

218 3458 302 3522 bene
333 3459 513 3543 continent,
542 3458 782 3542 administrant,
810 3461 1015 3541 conservant,
1045 3478 1085 3520 ne
1108 3457 1237 3540 tyranni

219 3555 340 3621 civium
369 3556 559 3639 spoliatores
587 3578 641 3622 eos
674 3557 801 3641 possint
829 3558 969 3641 expilare
998 3577 1103 3639 neque
1131 3556 1238 3639 oppri-

219 3675 322 3736 mere,
345 3654 432 3739 quod
454 3676 549 3739 saepe
571 3655 695 3720 faoiunt
719 3655 778 3720 sub
803 3654 949 3740 principe
967 3654 1058 3718 fatuo
1081 3657 1114 3718 et
1132 3652 1238 3738 negle-

220 3752 325 3836 genti,
349 3750 458 3836 etiam,
486 3753 573 3835 quod
595 3755 686 3838 peius
710 3758 772 3835 est,
801 3753 902 3817 adiuti
926 3773 1019 3836 saepe
1043 3755 1075 3815 et
1098 3751 1238 3833 excitati,
