3000 4475
455 843 750 916 Continentur
779 842 859 914 hoe
887 841 1043 912 libello

238 997 381 1052 Praefatio
417 1039 425 1055 .
454 1040 461 1054 .
489 1038 496 1053 .
525 1039 540 1058 ‚y
561 1038 1137 1052 .................
1156 1021 1201 1060 pag

242 1086 380 1140 Noterum
400 1089 566 1155 conspectus
604 1128 1145 1140 ................

269 1177 289 1230 1.
316 1176 382 1230 Loci
397 1176 446 1244 qni
461 1175 497 1230 sd
513 1174 673 1229 Ciceronem
689 1175 831 1244 pertinere
845 1175 978 1228 videntur
992 1191 1025 1228 ex
1035 1176 1151 1228 Antonii

314 1266 348 1318 de
367 1265 395 1317 le
415 1264 477 1319 Sele
496 1264 627 1333 operibus
646 1263 771 1332 excerpti

312 1355 347 1421 A)
367 1355 408 1406 Ex
426 1353 499 1406 libro
518 1354 567 1423 qui
586 1353 750 1407 inscribitur
768 1353 814 1407 La
832 1353 934 1407 Solode
963 1397 1145 1408 ......

313 1443 345 1512 Β)
365 1443 406 1495 Ex
424 1442 498 1496 libro
517 1443 566 1511 qui
585 1441 748 1497 inscribitur
767 1443 812 1496 La
831 1442 905 1496 Solle
927 1487 1145 1497 .......

254 1532 287 1585 Π.
315 1530 570 1587 Commentationes

314 1628 337 1674 1.
358 1619 435 1684 Quse
452 1620 546 1674 adhuc
562 1620 597 1674 de
615 1619 756 1674 Ciceronis
776 1620 810 1673 de
826 1619 979 1674 virtutibus
996 1620 1068 1674 libro
1085 1624 1153 1674 note

357 1709 464 1764 fuerint
483 1708 654 1778 colliguntur
681 1751 1146 1764 ..............

315 1804 339 1851 2.
359 1797 476 1852 Antonii
494 1797 689 1852 additamento
705 1814 723 1850 o
742 1799 890 1852 sententiis
907 1798 1045 1851 Tullianis
1065 1815 1153 1853 secer-

358 1890 464 1940 nuntur
497 1929 1147 1942 ...................

314 1982 339 2030 3.
358 1975 400 2030 De
414 1979 539 2030 veterum
556 1976 717 2029 nominibus
735 1978 764 2028 et
781 1975 892 2045 legibus
910 1977 986 2045 opud
1000 1977 1153 2030 Antonium

359 2063 484 2118 laudetis
497 2106 1148 2119 ...................

315 2160 339 2206 4,
360 2152 489 2222 Vestigis
512 2153 658 2206 doctrines
678 2152 833 2206 Stoicorum
858 2154 976 2208 inveniri
996 2154 1154 2207 ostenditur

316 2250 340 2297 5.
359 2242 514 2295 Antonium
543 2241 675 2297 Cicerone
703 2244 818 2312 auctore
845 2262 928 2298 usum
956 2259 1016 2297 esse
1041 2244 1154 2297 demon-

361 2333 467 2385 stratur
499 2372 1148 2387 ...................

360 2421 392 2471 A.
413 2418 598 2474 Consentiunt
614 2420 732 2473 Antonii
749 2420 826 2474 dicte
844 2438 907 2474 cum
924 2421 1071 2475 sententiis
1089 2421 1155 2473 Tul-

360 2508 444 2561 linnis
464 2550 1148 2564 ....................

361 2596 391 2649 Β.
412 2596 573 2651 Ciceronem
591 2597 715 2651 Antonio
739 2600 882 2652 auctorem
905 2597 992 2652 fuisse
1012 2597 1156 2667 colligitur

362 2685 390 2740 C.
410 2685 488 2750 Quae
508 2688 605 2740 contro
624 2686 681 2739 dici
700 2689 820 2755 possunt
838 2685 1004 2739 refelluntur
1037 2728 1042 2738 .
1073 2729 1078 2739 .
1109 2730 1114 2740 .
1145 2707 1165 2740 .’

318 2781 342 2829 6.
362 2774 403 2828 De
422 2774 588 2844 fragmentis
608 2775 776 2846 colligendis
787 2816 1149 2832 ...........

245 2863 291 2918 ΙΠ.
315 2864 353 2919 M.
368 2862 455 2916 Tullii
474 2862 614 2917 Ciceronis
634 2864 669 2918 de
687 2863 839 2918 virtutibus
858 2862 925 2917 libri
943 2862 1114 2933 fragmento.
1145 2907 1150 2918 .

246 2951 394 3007 Conclusio
428 2993 1149 3009 .....................

246 3040 333 3095 Index
351 3040 496 3095 nominum
515 3042 545 3095 et
561 3057 654 3095 rernm
673 3040 897 3096 memorabilium
931 3082 1150 3094 .......
