3000 4475
625 452 856 507 FRAGMENTA
1205 453 1248 519 85

460 605 505 663 M.
542 605 586 662 Re
611 624 683 664 vera
709 606 859 680 principes
887 608 917 663 et
944 605 1097 664 civitatem
1125 604 1250 664 admini-

394 698 523 753 strantes
541 695 688 769 imperare
711 697 836 769 possunt
855 696 885 752 et
902 694 940 752 iis
964 693 1177 753 oboediendum
1197 698 1250 770 est,

394 783 444 843 sed
468 785 500 841 in
523 783 610 842 rebus
632 785 752 841 tantum
775 784 887 842 rationi
914 783 1028 842 sufficet
1051 784 1251 843 convenienti·

393 873 456 931 bus
503 872 582 930 Nam
612 874 755 947 quoniam
788 872 917 949 populus
946 872 1010 949 ipse
1040 874 1252 950 magistratum

394 964 448 1020 aut
470 961 636 1036 principem
659 961 763 1038 clegit,
790 980 877 1020 nemo
900 961 1029 1037 populos
1051 974 1150 1021 creare
1173 961 1251 1021 arbi-

393 1050 523 1111 trabitur
541 1051 621 1109 ultro
640 1051 814 1126 prinoipem,
838 1051 890 1126 qui
909 1069 939 1109 se
958 1053 1128 1110 contraius
1147 1055 1252 1129 gravet

394 1143 425 1198 et
447 1141 611 1216 opprimat,
630 1139 693 1198 nisi
715 1143 862 1214 tyrannus
885 1158 935 1199 eos
958 1141 990 1199 vi
1012 1140 1146 1201 subiecit.
1194 1139 1252 1199 Sed

393 1228 442 1288 hic
473 1228 564 1286 finem
598 1228 799 1303 respondendi
832 1228 955 1303 faciam,
991 1248 1086 1304 neque
1123 1229 1252 1305 amplius

395 1316 561 1393 quidquam
580 1317 688 1377 addere
712 1337 786 1392 opus
809 1320 855 1377 est
877 1317 937 1377 nisi
958 1318 1014 1376 hoc
1036 1337 1139 1393 unum,
1162 1321 1197 1377 ut
1218 1319 1252 1393 ii,

394 1408 447 1483 qui
476 1406 643 1484 gubemant
671 1407 822 1480 civitates,
854 1425 955 1466 omnes
983 1407 1116 1466 homines
1143 1408 1252 1467 fratres

395 1514 458 1555 esse
477 1499 508 1555 et
527 1498 613 1571 quasi
631 1498 719 1554 unius
737 1497 782 1554 rei
800 1495 937 1572 publicae
956 1498 1036 1556 cives
1050 1514 1166 1572 semper
1184 1515 1252 1556 con·

394 1586 531 1645 siderent.
561 1585 601 1642 Et
619 1587 757 1662 princeps
775 1585 870 1644 multo
884 1586 968 1661 peior
986 1590 1031 1644 est
1049 1605 1140 1662 quam
1155 1585 1252 1661 quivis

395 1694 430 1733 ex
443 1675 555 1750 populo
569 1676 596 1734 si
609 1674 754 1750 pietatem
771 1693 832 1733 111
850 1675 931 1749 colit,
945 1693 979 1733 eo
995 1676 1095 1733 autem
1110 1677 1253 1750 principe,

395 1763 445 1838 qui
470 1763 556 1821 illam
580 1762 660 1838 colit,
683 1782 770 1822 nemo
793 1764 899 1822 melior
922 1767 974 1823 est.

460 1853 498 1910 A.
537 1851 595 1911 Sed
621 1852 645 1910 ii
672 1853 724 1927 qui
747 1872 810 1911 rem
832 1847 983 1929 publicam
1002 1855 1133 1927 tuentur,
1156 1871 1253 1912 nonne

395 1943 457 2000 alia
479 1943 530 2001 via
552 1946 582 2001 et
604 1944 721 2001 ratione
750 1942 869 2018 assequi
895 1945 1033 2018 possunt,
1061 1945 1097 2000 ut
1123 1942 1252 2018 populus

394 2032 468 2106 ipsis
500 2030 633 2090 subsidia
663 2030 770 2107 paret?
820 2031 899 2089 Nam
929 2034 955 2090 si
986 2050 1022 2090 ex
1053 2033 1114 2091 suis
1147 2033 1254 2106 cuique

394 2119 480 2179 bonis
513 2120 691 2179 eonferenda
723 2124 770 2180 est
801 2122 940 2197 pecunia,
972 2120 1004 2178 id
1033 2139 1133 2180 omnes
1166 2138 1254 2198 aegre

394 2210 503 2269 fenmt.
550 2209 738 2286 Quamquam
759 2229 827 2269 eum
846 2210 898 2286 qui
919 2209 1152 2286 rempublicam
1174 2210 1254 2287 regit

395 2319 429 2359 eo
453 2317 541 2375 saepe
570 2300 729 2377 confugere
756 2318 874 2359 necesse
902 2302 960 2373 est,
993 2317 1060 2357 cum
1087 2318 1148 2358 111
1180 2298 1254 2359 satis

395 2407 505 2466 magns
523 2390 649 2463 pecunia
667 2408 703 2447 ex
722 2388 809 2448 statis
828 2388 972 2447 reditibus
991 2388 1018 2447 ei
1037 2390 1077 2447 sit
1096 2388 1134 2446 ad
1153 2404 1254 2447 omnes

395 2480 531 2553 sumptus
554 2477 707 2537 faciendos
730 2478 778 2537 uel
802 2476 840 2536 ad
867 2476 947 2537 bella
970 2478 1099 2556 gerenda
1122 2477 1170 2536 vel
1193 2476 1254 2536 alia

395 2566 542 2642 quaedam
564 2570 731 2626 necessaria
754 2568 876 2644 negotia
899 2566 1092 2643 exsequenda.

462 2656 507 2713 M.
543 2656 681 2715 Indicent
702 2656 748 2714 illi
772 2656 866 2715 amice
894 2656 1013 2732 populis
1035 2674 1098 2715 rem
1121 2672 1254 2715 necessa·

395 2747 485 2820 riam,
512 2748 543 2804 et
568 2746 640 2805 licet
667 2745 702 2803 de
731 2764 786 2804 sua
808 2747 935 2821 pecunie
957 2764 1007 2805 eos
1034 2764 1095 2803 non
1122 2743 1255 2803 adiuturi

395 2836 464 2907 sint,
483 2836 617 2893 11111111
630 2834 773 2912 vectigali
790 2835 931 2910 imposito
947 2833 1083 2893 omnibus
1102 2833 1139 2892 iis
1157 2832 1255 2907 rebus,

397 2942 473 2998 quae
500 2924 674 3000 negotiandi
702 2941 793 2982 causa
819 2925 1021 2999 importantur
1043 2927 1074 2981 et
1097 2924 1253 2997 exportan-

395 3015 454 3086 tur,
473 3013 659 3072 adiuvabunt
677 3032 736 3088 eos,
756 3016 787 3071 et
805 3016 839 3071 ut
858 3017 928 3071 sunt
945 3012 1079 3072 homiues
1094 3012 1254 3088 prudentes

396 3105 426 3160 et
448 3100 564 3179 legibus
588 3103 632 3160 rei
659 3101 797 3177 publicae
819 3105 958 3177 parentes
981 3101 1109 3161 libenter
1131 3100 1255 3161 111111-

358 3207 360 3210 ·
396 3191 488 3265 cient,
512 3190 671 3250 dummodo
693 3190 845 3269 principes
867 3191 905 3251 iis
928 3192 1051 3250 faveant
1078 3193 1109 3249 et
1135 3190 1197 3249 vim
1224 3192 1255 3248 et

396 3278 521 3338 iniurias
544 3278 582 3338 ab
605 3279 642 3339 iis
666 3279 835 3339 defendant

307 3396 410 3450 Aaron.
426 3401 468 3461 11,
481 3401 586 3463 1-14,
597 3401 629 3450 11
641 3399 766 3466 (aas-
778 3401 812 3450 ae
823 3395 860 3467 s).
890 3395 967 3462 Quae
982 3395 1138 3463 deindess,
1149 3400 1253 3450 11—17

234 3468 289 3534 (22,
300 3471 378 3519 38-
389 3472 422 3520 37
435 3466 463 3536 S)
482 3470 646 3536 sequuntur,
665 3467 700 3521 ab
719 3468 843 3523 Antonio
862 3468 962 3522 addita
980 3469 1059 3534 sunt,
1078 3467 1126 3536 qui
1146 3465 1255 3521 Cicero-

234 3538 279 3592 nis
298 3538 462 3606 sententias,
480 3541 512 3594 ut
531 3554 640 3608 semper
657 3538 716 3594 fere
734 3539 765 3593 in
784 3539 904 3610 singulis
923 3538 1072 3608 capitibus,
1091 3538 1149 3593 suis
1163 3537 1254 3592 verbis

235 3608 440 3679 complectitur.
479 3609 625 3666 Sententia
643 3614 738 3666 autem
758 3610 822 3679 illa,
844 3626 931 3679 quam
953 3610 1100 3679 praemisi,
1123 3611 1156 3664 ut
1178 3608 1254 3678 prin-

235 3695 310 3749 ceps,
325 3682 477 3749 antequam
491 3680 597 3751 populo
611 3681 750 3736 tributum
763 3682 901 3751 imponat,
919 3681 973 3736 hoc
987 3682 1014 3736 ei
1027 3681 1142 3749 indicet,
1157 3697 1254 3736 sensus

236 3767 343 3807 conexu
361 3750 535 3821 postulatum
554 3754 583 3806 et
600 3754 630 3806 in
650 3754 808 3823 supplendo
826 3752 897 3807 mihi
920 3754 986 3807 ante
1010 3752 1105 3808 oculos
1124 3752 1255 3807 obverse·

235 3823 321 3877 betur
339 3822 417 3878 locus
437 3822 473 3877 de
491 3822 538 3878 off.
553 3823 631 3878 1174.
653 3824 792 3880 Ceterum
810 3840 982 3894 quamquam
996 3824 1050 3880 hoo
1063 3824 1255 3895 fragmentum
