3000 4475
592 364 646 416 LA
665 361 833 417 SALADE
1181 357 1221 420 31

205 535 272 598 quo
293 512 342 596 fit,
364 512 401 574 ut
419 510 497 574 boni
511 509 659 574 homines
674 529 831 592 pauperes
851 511 883 571 et
901 507 1015 590 inopes
1030 505 1105 587 sint,
1129 525 1228 586 quare

203 611 277 678 fieri
310 629 377 674 non
408 610 529 691 potest,
562 606 640 690 quin
670 605 780 670 fenore
815 604 1023 669 comedantur
1053 606 1086 666 et
1116 623 1228 667 omnes

203 710 349 796 pereant.
394 705 439 771 Et
468 706 495 770 si
524 705 653 770 reficere
687 703 804 768 debent
833 702 945 767 domus
974 723 1099 779 eorum,
1131 699 1228 764 eccle-

206 808 281 891 sias,
304 827 425 888 muros,
448 804 561 887 fossas,
584 800 741 886 hospitia,
765 802 882 866 horrea
905 800 994 864 urbis
1018 803 1075 863 aut
1098 798 1229 863 domino

206 905 340 989 aliquod
362 902 485 967 donum
509 901 592 985 dare,
616 905 685 964 tum
709 921 866 984 pauperes
890 897 938 962 illi
957 898 1013 982 qui
1036 919 1056 960 a
1077 896 1230 961 fenatori-

205 1005 266 1068 bus
290 1000 413 1067 comesi
437 1002 513 1064 sunt
535 1021 602 1064 non
623 998 744 1063 habent
767 996 851 1061 unde
873 996 1002 1082 domino
1022 995 1107 1077 dent,
1131 1015 1231 1078 quare

202 1099 401 1188 pignoribus
439 1101 626 1180 onerantur,
662 1094 989 1180 comprehenduntur,
1031 1093 1065 1157 in
1101 1091 1230 1156 vincula

203 1198 422 1280 coniciuntur,
445 1194 502 1259 ubi
524 1195 709 1279 manebunt,
733 1194 810 1257 dum
834 1192 1035 1256 exsolverint.
1076 1188 1145 1254 Vae
1167 1189 1231 1253 tibi

202 1297 372 1383 princeps!
396 1295 453 1380 qui
476 1293 523 1357 ita
545 1297 577 1357 te
596 1314 698 1380 geras,
722 1295 807 1356 certe
831 1293 1015 1375 exspectare
1035 1289 1130 1354 debes
1149 1288 1229 1351 iram

205 1396 269 1460 dei.
316 1392 382 1458 Sed
409 1393 437 1456 si
464 1391 613 1456 dominus
642 1391 770 1475 sapiens
799 1393 831 1454 et
858 1389 962 1453 bouus
995 1391 1056 1470 est,
1084 1391 1169 1451 amat
1198 1391 1231 1450 et

208 1492 358 1557 defendit
379 1490 462 1555 cives
486 1511 560 1555 suos
589 1493 622 1553 et
649 1487 853 1572 commodum
882 1488 929 1552 rei
956 1487 1118 1572 publicae,
1146 1489 1232 1553 unde

211 1590 264 1654 illi
287 1587 431 1673 opulenti
453 1592 487 1652 εὴ
500 1588 625 1660 vdivites
649 1589 725 1650 sunt
748 1591 781 1649 et
805 1585 954 1650 domiuus
977 1587 1017 1650 ab
1041 1586 1081 1650 iis
1106 1593 1232 1652 amatur

213 1691 248 1751 et
275 1685 429 1751 metuitur
455 1690 488 1751 et
515 1685 654 1750 libenter
681 1685 721 1748 iis
750 1705 925 1768 eorumque
953 1685 1047 1749 bonis
1075 1687 1109 1749 in
1137 1708 1231 1751 suum

212 1783 418 1850 commodum
440 1785 553 1849 utitur,
590 1783 634 1847 Et
658 1786 733 1847 sunt
757 1783 813 1866 qui
832 1781 940 1846 dicant
959 1784 1104 1848 omnium
1124 1807 1231 1851 rerum

210 1905 295 1969 quae
318 1904 416 1966 supra
439 1885 706 1947 commemoratae
729 1883 806 1944 sunt
829 1880 1018 1946 difficillime
1046 1883 1129 1947 hanc
1152 1884 1233 1948 bane

209 1978 386 2069 gubernari
407 1980 495 2063 ide0,
519 1979 605 2064 quod
627 1983 743 2044 natura
766 2000 878 2043 omnes
901 1979 941 2042 ad
963 1979 1102 2045 honores
1125 2003 1233 2046 ascen·

209 2080 285 2145 dere
314 2076 463 2163 cupiunt,
490 2082 528 2142 ut
555 2077 617 2142 sibi
645 2077 775 2141 divitias
803 2081 917 2160 parent
944 2081 976 2141 et
1003 2080 1113 2164 magni
1140 2081 1234 2144 aesti-

210 2181 342 2243 mentur
365 2180 406 2258 et,
430 2177 517 2261 quod
540 2177 631 2261 peius
656 2179 712 2258 est,
737 2196 802 2259 quo
823 2175 958 2260 quisque
981 2176 1055 2261 plus
1078 2178 1177 2244 habet
1195 2200 1235 2243 eo

209 2279 308 2362 plura
327 2275 426 2360 cupit,
448 2276 512 2340 nisi
530 2275 615 2340 forte
634 2275 755 2338 amicus
776 2275 826 2338 dei
846 2279 906 2361 est3
930 2296 994 2360 quo
1014 2275 1114 2363 igitur
1137 2276 1235 2341 modo

210 2375 364 2460 princeps
396 2374 558 2439 continere
591 2377 623 2436 et
656 2372 824 2437 defendere
856 2377 965 2457 potest
997 2396 1047 2458 aa,
1079 2396 1160 2458 quae
1193 2375 1234 2439 ab

214 2470 367 2538 omnibus
390 2475 557 2556 tantopere
580 2475 729 2535 amantur
748 2475 781 2535 εὴ
799 2471 1040 2536 desiderantur?
1081 2472 1126 2535 Et
1148 2494 1236 2537 nunc

216 2571 282 2634 iam
313 2590 425 2635 omnes
459 2572 550 2634 tanta
582 2569 759 2654 cupiditate
795 2570 933 2655 flagrant
970 2592 1101 2654 quoquo
1137 2571 1235 2636 modo

219 2668 290 2731 iura
309 2667 561 2751 uniuscuiusque
584 2667 770 2752 usurpandi,
793 2672 918 2731 utnon
942 2669 984 2732 sit
1006 2669 1155 2755 princeps
1179 2669 1235 2751 qui

217 2787 273 2830 eos
297 2765 460 2829 continere
483 2766 587 2850 possit
609 2766 672 2831 nisi
696 2787 823 2830 summo
851 2766 974 2851 labore,
1001 2765 1078 2829 huic
1105 2787 1237 2850 respon-

216 2863 271 2928 det
303 2861 417 2927 Tullus
449 2885 505 2928 eos
540 2865 701 2949 principes
734 2866 814 2929 tales
847 2885 916 2929 esse
947 2864 1058 2947 quales
1091 2862 1130 2928 ab
1164 2864 1237 2928 aliis

215 2961 297 3026 adeo
321 2982 355 3026 se
382 2962 555 3047 gubernari
583 2965 761 3046 patiantur,
789 2965 826 3025 ut
854 2983 908 3027 eos
936 2962 1056 3047 pudeat
1079 2963 1238 3046 inspicere

215 3058 299 3144 quid
330 3060 525 3144 acceperint,
562 3061 640 3143 quid
671 3061 893 3145 expenderint,
930 3059 1009 3145 quid
1041 3060 1235 3143 possideant.

215 3156 282 3223 Sed
315 3156 343 3221 si
371 3157 403 3221 id
431 3158 590 3243 inspicere
617 3158 749 3237 vellent,
783 3158 941 3224 diceretur
973 3159 1019 3223 eis
1047 3158 1238 3223 verecundia

215 3276 273 3320 eos
307 3275 427 3341 carere;
468 3256 527 3319 tali
560 3256 661 3341 igitur
697 3257 792 3321 modo
832 3255 973 3321 ludibrio
1009 3254 1170 3321 habentur
1206 3260 1239 3321 et

214 3373 269 3419 res
303 3374 413 3418 eorum
446 3354 625 3438 procedunt
657 3375 721 3437 quo
752 3353 877 3419 videtis.
923 3354 966 3417 Et
996 3375 1096 3438 aeque
1123 3376 1173 3419 res
1204 3376 1239 3419 se

215 3451 318 3517 habet
341 3452 375 3515 in
398 3452 492 3516 bonis
516 3453 650 3517 urbibus
670 3454 889 3518 communium
913 3452 1238 3536 administrationum,

215 3572 295 3614 nam
323 3548 358 3612 in
385 3547 425 3613 iis
452 3551 597 3633 profecto
624 3572 691 3616 non
723 3552 787 3615 iam
821 3556 897 3615 sunt
919 3553 1007 3615 ¹tales
1035 3549 1097 3615 viri
1128 3552 1240 3635 quales

216 3647 353 3712 fuerunt
380 3646 484 3711 bonus
507 3649 562 3713 ille
585 3648 751 3715 Fabricius
777 3654 832 3714 aut
856 3647 1009 3713 Camillus
1033 3653 1089 3713 aut
1112 3649 1241 3714 Marcus
