3000 4475
537 1221 584 1294 II.
618 1221 961 1294 Commentationes

717 1400 736 1478 ξ
762 1399 778 1460 1

242 1539 343 1616 Quae
376 1539 498 1604 adhuc
531 1538 574 1604 (le
605 1537 805 1604 Ciceronis
836 1540 879 1603 de
909 1537 1127 1604 virtutibus
1160 1539 1261 1606 libro

483 1650 575 1710 nota
597 1645 744 1710 fuerint
767 1646 1016 1733 colliguntur.

329 1776 494 1853 Postquam
516 1776 573 1833 tali
594 1773 682 1834 modo
701 1775 828 1834 Antonii
851 1777 886 1834 dc
910 1778 940 1835 la
960 1775 1028 1834 Sale
1046 1777 1141 1836 verba
1165 1778 1260 1838 reddi·
1300 1812 1302 1817 ·

241 1866 352 1941 dimus,
383 1865 526 1940 quoniam
552 1864 602 1924 hic
629 1866 793 1924 sententias
824 1884 892 1925 suas
920 1866 952 1924 iu
975 1865 1075 1925 Tulli
1102 1866 1183 1927 libro
1212 1867 1260 1943 qui

241 1955 401 2031 inscriptus
430 1953 470 2013 sit
492 1956 528 2013 de
550 1954 706 2013 virtutibus
729 1972 760 2013 so
783 1954 890 2032 legisse
919 1954 1062 2030 affirmat,
1090 1959 1258 2031 proximum

241 2047 295 2118 est,
318 2046 354 2102 ut
378 2061 566 2119 quaeramus,
591 2045 757 2102 sciamusne
780 2044 915 2102 Tullium
940 2043 1125 2120 Ciceronem,
1151 2046 1260 2122 quippo

243 2151 331 2209 quem
363 2133 491 2208 scriptor
520 2132 764 2210 Francogcllicus
796 2136 929 2209 spectare
957 2133 1110 2208 rideatur,
1142 2153 1257 2210 compo

241 2224 334 2283 suisse
345 2221 380 2281 de
390 2220 552 2281 virtutibus
563 2220 829 2282 commentarium?
858 2221 958 2299 Atque
972 2222 1043 2282 talis
1057 2222 1135 2282 liber
1148 2243 1259 2284 revera

240 2314 312 2386 fuit,
336 2311 482 2387 siquidem
507 2312 681 2374 confidimus
703 2312 830 2371 testibus
853 2313 914 2371 illis
938 2314 1084 2387 antiquis,
1106 2314 1161 2388 qui
1183 2314 1260 2372 hunc

241 2401 378 2460 libellum
397 2403 710 2474 commemoraverunt,
730 2400 865 2459 Charisia
881 2400 1064 2477 Hieronymo
1079 2401 1258 2480 Augustino.

240 2491 320 2550 Nam
340 2489 526 2549 Charisius
550 2490 773 2569 grammaticus,
798 2492 849 2566 qui
867 2491 975 2550 vixisse
994 2490 1114 2550 videtur
1135 2494 1260 2551 exeunte

241 2580 361 2639 saeculo
389 2600 418 2656 p.
444 2578 510 2638 Chr.
537 2600 566 2638 n.
595 2572 729 2655 quarto1,
752 2598 859 2641 ,vocem
886 2582 1057 2653 nentiquam
1083 2583 1199 2655 promit
1226 2599 1260 2639 ex

240 2670 297 2729 hoc
317 2669 394 2728 libro
419 2662 447 2749 (Ι
465 2688 494 2744 p.
511 2669 584 2742 208,
601 2669 640 2727 15
660 2660 725 2748 K.):
751 2667 850 2728 Cicero
868 2670 901 2727 in
919 2672 1124 2728 commentario
1143 2671 1180 2729 de
1202 2672 1258 2729 cir·

241 2759 351 2818 tatibus
381 2753 467 2817 ‘iliad
495 2759 666 2831 nentiquam
693 2752 873 2831 probantes’.
919 2757 1161 2833 Hieronymus
1190 2778 1259 2819 vero

242 2846 377 2907 Charisia
402 2849 500 2905 aetate
524 2847 699 2906 coniunctus
724 2844 874 2906 Ciceronis
904 2847 940 2905 de
963 2847 1125 2906 virtutibus
1149 2848 1257 2907 librum

241 2938 453 2997 commemorat
475 2937 509 2993 in
527 2938 718 2995 commentar.
741 2936 774 2993 in
797 2936 973 2996 Zachariam
997 2935 1051 2995 11
1072 2931 1132 3016 (VI
1149 2957 1179 3013 p.
1197 2939 1256 2998 792

241 3016 395 3106 Veliam),
417 3024 470 3083 ubi
501 3024 588 3083 dicit:
627 3023 825 3084 Ostenduntur
861 3027 887 3085 ei
920 3022 969 3103 (sc.
998 3025 1162 3085 Zachariae
1189 3043 1260 3101 pro

236 3106 358 3194 phetae)
391 3132 411 3172 a
443 3115 570 3172 Domino
602 3118 739 3186 qnattner
771 3116 902 3183 virtuter,
930 3115 1106 3188 pendentia,
1137 3116 1259 3183 institia,

240 3202 390 3277 fortitudo,
417 3204 617 3277 temperantia,
645 3203 681 3261 de
708 3204 814 3276 quihus
835 3204 1007 3277 plenissime
1034 3206 1067 3262 in
1093 3205 1258 3277 officiorum

241 3294 325 3351 libris
342 3292 457 3350 initias
476 3278 756 3365 inquietantem
769 3294 926 3366 proprium
945 3310 1056 3366 qnoque
1074 3293 1110 3351 de
1123 3298 1260 3366 quattuor

240 3381 396 3439 virtutibus
414 3380 529 3439 libram.
575 3380 616 3438 nt
633 3380 873 3458 Augustinus,
898 3381 951 3456 qui
974 3381 1077 3441 eodem
1099 3383 1161 3441 fere
1185 3385 1257 3441 tom·

240 3488 312 3545 pore
336 3468 476 3542 florebat,
502 3470 581 3527 inter
609 3487 658 3528 eos
682 3469 735 3544 qui
760 3468 795 3527 de
822 3470 985 3529 virtutibus
1015 3471 1145 3549 egissent
1166 3472 1256 3531 fuisse

242 3560 335 3618 ctiam
353 3557 485 3615 Tullium
504 3558 578 3615 dicit
600 3557 632 3615 in
654 3558 731 3618 libro
754 3576 807 3618 suo
832 3560 883 3634 qui
906 3561 952 3619 est
974 3559 1010 3619 de
1032 3561 1168 3619 trinitate
1186 3558 1257 3619 XIV

331 3746 357 3817 1)
377 3744 407 3799 Si
419 3746 496 3800 recte
506 3745 628 3800 coniecit
636 3745 743 3802 Usener
756 3746 787 3801 in
800 3764 870 3802 mus.
881 3746 1066 3802 Rheaxxm
1080 3752 1150 3803 1868
1163 3750 1255 3817 pati.
