3000 4475
424 451 449 500 2.
465 445 526 499 ·Dll
544 444 700 500 ANTONII
718 444 996 500 ADDITAMENTIS
1175 445 1221 507 41<

195 603 254 673 11,
276 599 318 656 14
338 590 467 677 (Migne,
489 596 665 674 Patrologia
687 596 785 655 latina
807 596 892 656 XLII
913 617 942 672 p.
964 587 1074 677 1047).
1119 595 1225 672 Atque

191 688 275 746 haec
306 687 376 746 sunt
407 688 471 746 eius
501 686 607 747 verbaz
643 687 792 746 Mauorte
818 688 1046 760 proeteritorum
1076 690 1129 754 eet,
1160 703 1225 744 mm

194 778 415 850 prooemtimm:
445 794 518 834 mom
547 776 669 849 quidam
695 793 763 835 cam
790 776 825 835 de
852 776 1007 834 oirtmta'tms
1035 778 1160 849 opermt,
1187 778 1221 834 tm

198 865 308 940 quitus
326 869 367 924 est
384 867 472 925 etiam
493 865 616 941 11611166,
638 866 672 922 m
692 866 750 923 trio
770 867 827 923 isto
839 864 1032 938 prudentiam
1050 865 1225 933 diuiserunt,

197 957 379 1030 memoriam,
406 953 636 1028 imtetlipmtiom,
658 955 891 1028 procidentium:
921 955 1092 1012 memorium
1114 954 1222 1012 seilicet

191 1045 375 1119 praeteritis,
402 1044 623 1117 imtetttpmttam
644 1044 865 1118 praesentibus,
888 1042 1107 1116 procidentium
1133 1043 1226 1101 rebus

195 1134 360 1193 tribuentes
380 1134 500 1205 fatoris.
547 1132 629 1202 Quae
651 1133 824 1191 testimonia
843 1131 968 1191 collecta
987 1132 1107 1190 suntin
1126 1128 1225 1190 Orelli,

195 1225 230 1281 et
243 1223 362 1282 Baiteri
381 1221 511 1280 editione
525 1221 570 1279 IV
586 1223 604 1279 2
619 1241 647 1297 p.
664 1223 727 1280 492
748 1224 780 1280 61
798 1221 878 1298 apud
893 1219 923 1282 O.
936 1221 968 1278 F.
982 1219 1029 1278 W.
1042 1220 1224 1279 Muellerum

193 1312 283 1372 IV3
308 1332 337 1388 p.
358 1312 437 1385 340,
468 1314 504 1369 ut
529 1311 661 1386 reliquos
689 1313 835 1369 omittam.
887 1310 1010 1368 Praeter
1036 1310 1091 1369 hos
1119 1313 1222 1367 autem

195 1420 276 1477 quos
299 1401 390 1459 attuli
412 1419 499 1459 nemo
522 1401 657 1458 veterum
681 1398 831 1459 Ciceronis
860 1400 896 1459 de
919 1397 1082 1460 virtutibus
1109 1398 1225 1456 librum

195 1489 344 1549 nominat.
383 1488 568 1564 Quicumque
585 1488 683 1566 igitur
701 1492 839 1548 auctores
853 1488 963 1549 veteris
981 1487 1124 1563 temporis
1141 1488 1226 1546 hunc-

197 1579 312 1638 librnm
330 1582 479 1638 noverunt
497 1582 551 1637 aut
570 1580 813 1653 commemorant,
832 1581 940 1654 quarto
955 1578 1072 1636 saeculo
1091 1578 1224 1635 fuerunt

201 1668 306 1744 Neque
332 1669 499 1745 posteriore
526 1686 600 1727 aevo
625 1686 804 1742 quemquam
831 1667 919 1726 huius
942 1667 1013 1725 libri
1039 1667 1221 1725 mentionem

200 1757 315 1831 fecisse,
332 1759 453 1833 praeter
470 1755 637 1816 Antonium
655 1757 777 1832 scilicet,
800 1757 880 1815 inter
898 1775 999 1816 omnes
1019 1774 1225 1831 quoscumque

198 1845 265 1906 vidi
287 1849 414 1907 constat.

678 2031 698 2109 ἓ
722 2028 743 2092 2

237 2168 404 2235 Antonii
428 2169 690 2235 additamenta
713 2193 732 2234 6
756 2155 964 2236 sententiis
987 2168 1180 2234 Tullianis

582 2281 844 2342 secernuntur.

290 2406 429 2485 Agedum
452 2408 575 2484 propius
594 2408 633 2466 ad
655 2426 718 2466 rem
741 2407 925 2467 accedamus.
971 2407 1072 2483 Atque
1091 2408 1226 2484 primum.
1264 2434 1267 2439 ·

198 2497 277 2556 mihi
300 2496 507 2572 exponendum
531 2515 593 2556 esse
621 2496 754 2571 videtin,
783 2515 858 2572 quas
886 2499 987 2572 partes
1016 2496 1113 2572 operis
1142 2496 1226 2572 quod

201 2605 293 2663 supra
317 2586 464 2645 edidimus
487 2586 652 2646 Antonium
680 2588 781 2661 ipsum
804 2586 1004 2661 composuisse
1032 2589 1062 2644 61
1086 2605 1121 2644 ex
1143 2585 1226 2645 libro

204 2694 265 2752 quo
288 2694 319 2735 se
342 2693 430 2734 usum
450 2693 512 2734 esse
531 2675 621 2746 dicat,
644 2676 869 2752 qualiscumque
892 2677 949 2733 iste
967 2674 1044 2733 liber
1062 2674 1130 2749 fuit,
1154 2694 1219 2733 eum

201 2784 262 2825 non
276 2764 465 2840 exscripsisse
478 2765 640 2825 verisimile
659 2765 706 2824 sit.
739 2764 819 2823 Nam
834 2783 1015 2839 quamquam
1033 2764 1129 2822 multa
1144 2782 1226 2839 quae

200 2854 254 2914 ille
285 2854 401 2930 profert
428 2872 447 2912 a
474 2856 618 2929 scriptore
646 2854 781 2912 Romano
809 2853 891 2911 haud
919 2852 1098 2912 abhorreant
1125 2872 1220 2928 neque

200 2944 302 3003 desint
329 2942 507 3018 sententiae,
536 2962 662 3018 quarum
689 2943 737 3002 vel
767 2941 868 3001 Cicero
896 2946 1000 3001 auctor
1027 2960 1090 3002 6666
1116 2944 1227 3017 possit,

200 3052 270 3092 eum
294 3035 325 3091 61
347 3031 469 3090 nomina
496 3032 629 3091 virorum
655 3033 688 3089 in
714 3050 746 3090 re
775 3031 896 3108 publica
919 3031 1055 3091 Romana
1078 3031 1224 3091 excellen-

199 3122 280 3181 tium
302 3122 466 3180 afferantur
488 3124 518 3179 61
540 3140 587 3179 166
612 3123 792 3196 tractentur,
821 3138 894 3195 quas
919 3121 1010 3179 etiam
1037 3122 1070 3179 in
1098 3120 1226 3179 civitate

200 3209 338 3271 Romana
366 3209 508 3270 accidisse
536 3209 675 3269 credibile
703 3214 762 3285 est,
790 3212 891 3268 tumen
920 3210 980 3268 6116
1004 3229 1022 3267 6
1049 3209 1131 3268 nullo
1160 3210 1226 3268 alio

200 3301 261 3359 nisi
275 3319 295 3359 a
308 3301 452 3375 scriptore
468 3300 570 3375 quarti
583 3300 632 3358 vel
651 3301 750 3375 quinti
770 3298 878 3357 decimi
896 3298 1009 3358 saeculi
1027 3299 1140 3376 scripta
1159 3317 1227 3357 esse

201 3408 289 3448 nemo
318 3387 358 3447 sit
386 3390 438 3464 qui
465 3391 561 3467 neget.
608 3388 773 3447 Antonium
797 3391 897 3446 autem
920 3388 1064 3463 scriptore
1093 3387 1221 3463 quodam

202 3477 338 3553 antiquo,
356 3479 404 3536 cui
422 3497 530 3537 nomen
544 3477 627 3535 Tulli
645 3480 717 3551 6161,
736 3496 824 3536 usum
842 3495 904 3535 esse
922 3476 1044 3535 interim
1061 3495 1227 3551 sumamuS,

203 3568 348 3643 quoniam
375 3566 471 3626 adhuc
498 3586 558 3625 non
585 3566 740 3641 habemus,
769 3585 821 3625 cur
843 3566 879 3624 de
904 3566 961 3624 hae
983 3584 1015 3624 re
1043 3565 1226 3639 dubitemus,

203 3674 270 3716 eum
301 3655 453 3715 Antonius
485 3657 630 3732 expressis
661 3656 761 3715 verbis
788 3654 871 3714 Tulli
902 3673 976 3731 opus
1005 3674 1023 3714 6
1050 3673 1081 3714 66
1111 3656 1219 3714 lectum

203 3765 266 3806 esse
303 3744 394 3804 dicat.
449 3745 535 3815 Quod
571 3747 598 3804 si
633 3744 800 3818 fecerimus,
837 3745 1015 3820 quicumque
1052 3746 1224 3804 accuratius

203 3834 330 3894 Antonii
357 3832 448 3893 verba
475 3834 693 3910 contemplatus
721 3835 792 3912 erit,
818 3834 995 3909 scriptorem
1018 3832 1226 3910 Francogalli-
