3000 4475
240 419 288 483 58
556 416 589 471 Π.
609 416 946 473 COMMENTATIONES

240 570 391 647 congruit
414 569 582 629 Stoicorum
609 561 729 630 dictum'
751 570 915 645 sapientem
940 569 1037 629 solum
1063 586 1169 646 regere
1192 567 1255 628 scire

244 659 294 719 III
313 662 376 719 611
402 677 466 735 sqq.
485 659 568 732 Arm,
590 660 670 718 inter
692 677 768 735 quae
792 679 819 717 v.
838 676 862 718 c.
880 657 993 735 legitur
1012 658 1076 716 620
1102 655 1197 734 μόνον
1213 656 1256 718 τὸν

239 746 342 825 σοφὸν
365 744 493 826 βασιλέα.

336 838 381 895 Ex
408 837 455 896 his
484 855 560 913 quae
588 835 683 896 adhuc
711 836 847 912 exposui,
874 835 906 894 in
933 836 1072 913 plurimis
1102 855 1199 912 neque
1219 835 1255 894 ita

245 927 348 1002 parvis
371 926 442 984 libri
464 926 631 985 Antoniani
653 924 789 1000 partibus
816 927 945 1002 vestigia
968 925 1122 984 doctrinae
1147 923 1255 984 Stoicae

242 1017 376 1076 inveniri
407 1015 603 1093 intellegitur.
647 1014 739 1074 Vides
772 1033 843 1092 ergo
881 1033 958 1091 quae
989 1013 1168 1074 habeamus:
1203 1013 1255 1072 An·

239 1106 346 1164 tonius
385 1107 574 1181 scriptorem,
615 1104 786 1163 Romanum
820 1103 974 1179 videlicet,
1021 1105 1093 1179 quia
1129 1103 1255 1162 Romana

239 1213 361 1270 ,semper
388 1193 523 1269 exempla
549 1193 676 1269 profert,
710 1193 762 1268 qui
790 1191 907 1252 Stoicos
934 1193 1128 1268 sequebatur,
1158 1192 1255 1271 legisse

245 1283 372 1343 videtur.
418 1283 618 1342 Romanorum
643 1283 751 1356 autem,
775 1282 828 1358 qui
852 1281 983 1342 Stoicam
1006 1281 1175 1341 doctrinam
1198 1300 1255 1342 con·

244 1372 382 1445 fitentur,
419 1369 578 1431 clarissimi
613 1374 683 1429 sunt
720 1370 822 1430 Cicero
860 1374 890 1429 et
927 1369 1046 1431 Seneca.
1092 1369 1195 1446 Atque
1228 1374 1256 1428 ut

241 1460 358 1520 ‘Seneca
386 1459 423 1518 ab
446 1460 578 1519 Antonio
607 1460 697 1518 semel
721 1463 755 1534 4,
771 1461 811 1519 28
830 1451 902 1541 (16,
922 1461 964 1519 10
984 1450 1018 1540 S)
1041 1459 1198 1534 laudatur,
1219 1461 1256 1518 ita

239 1570 299 1609 -cur
325 1550 390 1608 fieri
417 1569 477 1608 non
506 1550 620 1624 potuit,
652 1552 686 1607 ut
715 1547 856 1608 Cicerone
878 1548 1028 1608 Antonius
1056 1551 1205 1623 uteretur,
1232 1551 1256 1606 et

240 1657 315 1698 cum
339 1639 439 1697 Tulles
460 1638 621 1714 persimilis
645 1639 686 1697 sit
707 1637 822 1697 nomini
845 1638 943 1696 Tulli
969 1637 1120 1697 Ciceronis
1143 1641 1175 1697 et
1198 1656 1255 1697 cum

246 1729 348 1787 omnia
371 1727 506 1803 exempla
529 1747 563 1786 ex
585 1727 712 1786 historia
734 1727 870 1786 Romana
893 1728 1069 1802 deprompta
1098 1730 1169 1786 ante
1195 1726 1255 1786 Cae·

243 1818 321 1876 saris
350 1819 379 1875 et
401 1816 525 1892 Pompei
551 1816 663 1874 bellum
690 1814 824 1874 fuerint?
870 1816 968 1886 Quare
991 1834 1070 1874 nunc
1093 1817 1255 1876 accuratius

246 1906 402 1980 quaesturi
428 1923 544 1980 sumuS,
567 1904 696 1963 fueritne
719 1906 847 1965 forsitan
871 1905 973 1965 Cicero
997 1905 1124 1964 Antonii
1153 1907 1255 1966 auctor.

723 2149 787 2230 §5

336 2292 547 2359 Antonium
571 2291 756 2358 Cicerone
780 2297 935 2358 auctore
957 2315 1066 2357 usum
1092 2314 1176 2358 esse

608 2400 903 2466 demonstratur.

269 2540 311 2631 A)
337 2549 534 2608 Consentiunt
557 2548 682 2609 Antonii
705 2550 787 2608 dicta
810 2567 877 2607 cum
900 2548 1055 2608 sententiis
1079 2548 1235 2608 Tullianis.

335 2673 491 2749 Expeditis
514 2673 557 2732 eis
581 2692 657 2749 quae
681 2672 861 2733 absolvimus
884 2672 1027 2748 sequitur,
1050 2675 1085 2730 ut
1107 2692 1167 2749 eas,
1190 2690 1256 2750 quas

238 2762 396 2822 Antonius
424 2782 458 2821 ex
487 2762 574 2821 Tullo
609 2780 662 2821 suo
696 2762 782 2821 affert
814 2763 977 2821 sententias
1008 2780 1075 2820 oum
1108 2764 1257 2821 sententiis

249 2850 398 2911 Ciceronis
422 2852 506 2910 nobis
529 2851 650 2911 traditis
673 2853 831 2911 convenire
850 2870 940 2926 quam
962 2850 1101 2927 plurimis
1121 2852 1257 2929 exemplis

247 2939 389 3000 adhibitis
409 2940 651 3015 demonstremus,
671 2940 750 3016 quod
769 2942 878 2998 mirum
896 2958 990 3015 paene
1008 2941 1040 2997 in
1058 2940 1183 3001 modum
1200 2940 1258 2999 fieri

237 3048 333 3105 posse
347 3028 522 3089 videbimus.
544 3029 646 3106 Atque
660 3031 824 3089 sententies
833 3028 1012 3087 Antonianis
1027 3031 1158 3091 maxime
1172 3029 1257 3091 simil·

246 3119 333 3178 limas
347 3119 474 3196 legimus
488 3119 520 3176 in
535 3118 629 3177 Tullii
641 3119 725 3177 libris
740 3119 776 3177 de
791 3118 896 3177 officiis
916 3120 946 3177 et
960 3119 996 3176 de
1014 3118 1183 3194 republica
1197 3138 1257 3179 con·

238 3208 377 3283 scriptis.
414 3206 450 3266 In
469 3206 576 3284 quibus
596 3207 768 3267 Ciceronem
790 3226 878 3283 saepe
902 3226 1001 3267 secum
1019 3210 1206 3282 reputavisse
1227 3207 1258 3266 de

246 3298 360 3372 optimo
375 3297 539 3373 principe
555 3299 585 3355 et
599 3296 635 3355 de
649 3315 684 3355 eo
697 3296 828 3372 plurima
842 3298 995 3373 scripsisse
1009 3297 1057 3354 vel
1072 3316 1108 3355 ex
1122 3317 1158 3357 eo
1173 3315 1257 3375 appa·

246 3388 301 3459 ret,
321 3385 400 3462 quod
419 3387 516 3462 operis
531 3386 689 3462 quoderat
703 3385 739 3444 de
752 3405 785 3444 re
799 3386 919 3462 publica
932 3386 1043 3444 librum
1057 3388 1207 3462 quintum,
1225 3387 1258 3457 et,

239 3476 273 3535 ,si
291 3474 418 3534 editores
432 3477 523 3534 testes
538 3467 715 3550 sequimnr²‚
733 3477 896 3534 maximam
913 3476 1031 3551 partem
1048 3475 1121 3535 libri
1139 3476 1215 3536 sexti
1230 3474 1258 3532 in

338 3647 363 3713 1)
377 3643 518 3713 Imprimis
528 3643 806 3699 C.F.W.Muelleri
819 3643 951 3699 editionis
961 3642 1081 3697 vollvt
1096 3650 1258 3713 p.360eqq.;

247 3720 383 3784 365sqq.;
408 3715 484 3784 apud
507 3714 651 3769 Baiterum
675 3718 703 3770 et
725 3716 882 3784 Kayserum
901 3714 1029 3769 votvm
1043 3720 1110 3783 2803
1134 3721 1195 3770 235.
1229 3714 1258 3768 In

241 3787 429 3857 sequentibus
448 3786 578 3841 Muelleri
595 3787 716 3842 adhibeo
735 3787 895 3843 editionem.
