3000 4475
245 433 294 497 42
562 433 596 487 Π.
616 430 955 488 COMMENTATIONES
983 442 985 446 ‘
1020 485 1024 490 .

244 603 318 643 cum
341 584 424 642 illius
447 583 517 642 libri
539 585 696 644 sententiis
719 602 789 644 suas
812 585 1008 644 immiscuisse
1039 586 1069 643 et
1097 584 1266 642 adiunxisse

250 673 338 733 facile
366 676 532 752 cognoscet.
577 672 706 732 Proinde
734 673 929 734 secernendae
957 691 992 732 ac
1019 673 1173 732 tollendae
1202 674 1265 732 sunt

244 765 352 838 *partes
375 763 456 837 illae,
479 780 555 838 quas
580 762 617 820 ab
640 762 773 822 Antonio
796 763 862 839 ipso
885 764 1065 839 compositas
1089 780 1155 821 esse
1181 780 1265 838 appa·

249 851 341 925 rebit3
373 870 450 928 quac
468 851 680 927 ,relinquentur
707 854 810 910 utrum
836 851 930 912 veteri
958 852 1005 910 illi
1033 853 1151 910 auctori
1175 851 1264 910 vindi·

244 940 363 999 candae
395 944 467 1000 sunt
498 959 603 1013 necne,
639 949 745 1016 postea
777 939 941 1002 diiudu'care
973 939 1159 1000 conabimur.
1214 939 1265 999 Sed

250 1031 352 1089 omnia
375 1049 451 1106 quae
474 1031 602 1106 scriptor
624 1029 869 1107 Francogallicus
898 1028 1014 1089 addidit
1041 1029 1153 1104 ubique
1182 1029 1265 1088 facile

245 1123 282 1177 et
311 1119 463 1178 subtiliter
490 1117 604 1178 secerni
629 1136 716 1194 posse
744 1136 817 1178 cave
844 1121 946 1194 putes,
974 1137 1041 1178 cum
1066 1118 1174 1178 multis
1198 1118 1264 1179 locis

247 1208 330 1266 haud
349 1208 507 1268 diiudicari
529 1207 626 1284 possit
645 1207 733 1266 certis
752 1209 948 1284 argumentis,
971 1209 1069 1268 utrius
1088 1207 1183 1266 verba
1202 1208 1263 1267 sint.

250 1297 352 1356 Etiam
375 1300 408 1356 in
435 1298 598 1356 sententias
627 1315 704 1372 quae
732 1296 850 1372 antiqui
877 1298 1009 1357 auctoris
1037 1314 1101 1356 esse
1129 1296 1265 1356 ridentur

243 1386 400 1447 Antonius
434 1386 552 1464 singula
584 1385 676 1445 verba
706 1387 843 1445 inseruit.
897 1386 983 1446 Certe
1021 1389 1122 1445 autem
1161 1404 1196 1446 ea
1232 1385 1264 1444 sb

144 1469 148 1472 ’
243 1475 382 1534 11111111
401 1475 547 1552 originem
565 1475 687 1548 ducunt,
703 1475 813 1550 quibus
830 1474 935 1535 insunt
952 1475 1082 1553 vestigia
1100 1474 1264 1551 scripturae

244 1568 372 1624 sanctae
396 1565 451 1622 aut
474 1563 626 1623 doctrinae
650 1563 840 1623 christianae.

340 1653 434 1729 Saepe
458 1655 489 1710 et
511 1671 627 1729 semper
649 1654 711 1712 fere
732 1655 821 1712 initio
844 1654 1032 1731 singulorum
1050 1652 1179 1712 Antonii
1203 1671 1264 1732 gra·

247 1761 357 1802 norum
376 1742 568 1818 appellantur
580 1744 700 1815 princes
718 1745 868 1816 scipncnra
887 1743 1038 1802 cidanea
1076 1742 1160 1811 Quae
1179 1741 1264 1801 verba
1307 1780 1309 1791 ·

248 1831 400 1890 Antonius
419 1830 543 1891 addidit.
574 1829 667 1889 Initio
682 1834 783 1889 autem
800 1831 894 1892 totius
909 1833 1009 1908 operis
1028 1850 1096 1908 pag.
1113 1833 1144 1905 2,
1163 1832 1262 1891 verat

249 1913 317 1999 (15,
338 1921 356 1978 5
377 1912 431 2001 S)¹
462 1919 588 1998 legimus
619 1921 651 1979 ic
682 1920 723 1979 ies
755 1937 905 1994 eomprens
937 1939 956 1980 a
985 1920 1075 1980 VIII
1100 1922 1206 1994 pruine
1233 1921 1264 1979 dc
1307 1922 1309 1985 ζ

241 2025 383 2068 samanae.
420 2009 467 2067 lla
488 2010 585 2088 igitur
608 2027 684 2084 quae
707 2008 777 2068 inde
799 2028 894 2086 usque
918 2009 957 2067 ad
980 2011 1066 2085 2,19
1087 2000 1155 2089 (15,
1173 2011 1214 2068 14
1233 2001 1263 2082 S)

243 2098 285 2156 -de
318 2101 385 2157 octo
418 2099 519 2176 granis
552 2100 740 2174 exponuntur
767 2097 893 2157 Antonii
925 2116 988 2157 esse
1019 2099 1184 2157 verisimile
1215 2100 1263 2158 est.

250 2185 359 2247 Granis
381 2207 452 2248 vero
470 2190 506 2247 ut
524 2189 713 2264 compararet
730 2205 777 2247 res
801 2188 932 2265 principi
949 2187 1140 2264 necessarias,
1164 2189 1265 2248 auctor

243 2277 397 2337 adductus
421 2297 483 2337 esse
506 2278 626 2337 videtur
648 2297 684 2336 ex
706 2277 772 2337 loco
795 2278 849 2337 illo
874 2277 1037 2353 scripturae
1061 2280 1194 2351 sanctae,
1215 2276 1263 2336 ubi

249 2367 286 2425 de
322 2386 416 2445 grano
453 2368 567 2443 sinapis
603 2366 686 2427 Iesus
722 2367 872 2442 loquitur,
908 2366 962 2425 llv.
996 2366 1104 2424 Mattb.
1137 2369 1193 2441 13,
1227 2368 1261 2425 31

242 2447 301 2536 (61.
324 2455 383 2515 ibd.
409 2457 460 2531 13,
485 2457 513 2514 3.
538 2457 556 2515 8
586 2457 617 2515 61
638 2455 801 2516 Proverbia
830 2454 938 2515 Salam.
965 2459 1015 2530 11,
1041 2456 1081 2514 18
1111 2456 1265 2515 seminanti

241 2535 415 2625 1161111111).
462 2543 570 2605 Omnes
593 2544 688 2622 igitur
709 2544 819 2619 reliqui
842 2545 914 2620 loci,
941 2544 995 2603 ubi
1023 2562 1118 2623 grana
1147 2543 1264 2604 seminis

241 2636 527 2709 commemorantur,
554 2653 582 2693 v.
607 2654 630 2693 c.
655 2635 685 2708 8,
705 2634 745 2692 33
767 2652 809 2709 sq.
834 2625 900 2714 (17,
922 2636 962 2692 29
984 2652 1026 2709 sq.
1051 2626 1086 2714 S)
1113 2635 1165 2708 14,
1187 2636 1205 2693 9
1224 2652 1264 2709 sq.

244 2716 317 2805 (19,
339 2725 380 2782 14
399 2742 442 2800 sq.
462 2714 498 2802 S)
521 2722 583 2797 alii,
605 2721 732 2781 Antonii
756 2724 834 2783 sunt.

338 2810 420 2882 Quae
452 2811 587 2888 sequitur
618 2830 688 2888 pars
720 2812 790 2870 inde
818 2830 836 2870 a
864 2814 893 2886 2,
909 2813 951 2871 20
983 2829 1076 2887 usque
1107 2812 1146 2870 ad
1177 2812 1263 2887 4,13

242 2893 316 2982 (15,
342 2903 473 2961 15-30
497 2892 542 2981 S),
570 2919 637 2960 cum
663 2900 712 2960 hic
735 2900 842 2959 Tullus
866 2902 970 2960 auctor
991 2919 1051 2959 non
1074 2900 1217 2960 laudetur
1238 2902 1265 2959 61

175 2991 181 2996 ’
241 2990 364 3069 gratiae
391 2990 449 3049 Dei
476 2982 576 3069 (praee
602 2992 638 3050 dc
664 2991 733 3049 dien
761 2991 790 3068 4,
808 2993 842 3064 73
872 2991 922 3064 15,
943 2991 983 3048 25
1005 2981 1040 3070 S)
1067 2989 1181 3049 mentio
1207 2989 1265 3063 fiat,

249 3080 381 3140 Antonio
401 3078 501 3138 deberi
518 3079 646 3139 videtur.
684 3077 799 3137 Deinde
823 3072 867 3161 (4,
884 3080 1013 3154 14sqq.;
1033 3079 1083 3153 15,
1099 3079 1139 3138 31
1152 3097 1218 3156 sqq.
1233 3070 1264 3158 S)

241 3169 370 3227 ‘Tullum
389 3171 542 3227 auctorem
561 3187 743 3243 quamquam
762 3166 1150 3245 script01·Franoogallicus
1170 3168 1265 3244 sequi·

240 3261 306 3332 111,
325 3261 427 3316 tamen
445 3275 532 3317 voces
551 3274 655 3317 amour
673 3257 708 3315 dc
722 3257 791 3316 dien
809 3259 839 3331 4,
854 3259 895 3316 22
912 3248 978 3337 (16,
997 3257 1014 3314 5
1032 3248 1065 3336 S)
1086 3274 1105 3314 a
1124 3258 1264 3333 scriptore

248 3350 348 3407 vetere
376 3346 492 3405 alienae
520 3349 597 3404 sunt.
650 3346 730 3415 Quas
758 3345 796 3404 ab
823 3346 955 3405 Antonio
982 3346 1175 3421 interpositas
1204 3364 1263 3406 esse

248 3438 337 3513 puto,
365 3454 433 3494 cum
456 3438 534 3495 certe
558 3453 694 3510 eaquae
722 3434 906 3510 praecedunt
928 3436 958 3492 et
981 3435 1108 3494 fortasse
1131 3454 1166 3495 ea
1190 3453 1263 3511 quae

240 3529 415 3602 :sequuntur
441 3544 476 3583 ex
499 3524 587 3583 Tullo
615 3526 754 3599 excerpta
781 3523 850 3583 sint.
895 3523 961 3582 Iam
984 3524 1120 3583 venimus
1147 3524 1186 3583 ad
1212 3523 1262 3581 illa

339 3688 365 3747 ll
379 3685 494 3739 Praeter
505 3700 637 3739 numeros
647 3683 781 3739 editionis
790 3699 870 3737 meae
883 3682 963 3737 uncis
977 3682 1101 3738 inclusos
1111 3682 1202 3738 adieci
1214 3699 1261 3735 nu-

248 3774 338 3813 meros
352 3755 443 3811 libelli
453 3773 471 3810 a
480 3755 687 3825 Scederhjelrno
702 3754 832 3821 confecti,
847 3755 897 3824 qui
910 3754 986 3809 foras
996 3754 1078 3808 datus
1088 3756 1132 3809 est
1141 3755 1171 3808 in
1181 3754 1261 3824 ephe·

240 3829 354 3885 ‚merids
368 3844 442 3899 quae
459 3827 623 3883 inscribitur
639 3827 789 3899 chccrsipt
805 3829 976 3897 (p.15eqq.).
989 3826 1021 3880 V.
1036 3825 1156 3897 praefat.
1175 3844 1202 3894 p.
1216 3822 1258 3877 IV.
