3000 4475
628 449 682 502 LA
700 449 868 504 SALADE
1214 451 1255 514 27

238 597 350 660 sciunt
372 598 404 659 et
428 593 545 682 debent
569 592 648 657 scire
675 593 838 679 principes
865 616 931 659 non
959 617 1027 660 csse
1055 597 1130 660 deos
1158 617 1261 681 neque

240 716 340 779 porro
364 691 463 757 alium
487 713 555 756 esse
575 691 670 756 deum
689 714 786 776 quam
805 691 885 757 caeli
904 692 1008 779 deum,
1031 716 1050 757 a
1069 715 1133 778 qao
1153 697 1261 759 omnia

241 791 329 854 bona
354 789 496 855 veniunt.
542 787 607 855 Sed
634 789 796 875 principes
828 811 887 873 pro
916 812 975 855 sua
1002 792 1138 876 quisque
1171 795 1261 878 parte

240 881 423 974 funguntur
454 887 506 953 vel
537 889 631 974 fungi
664 888 782 952 debent
813 890 883 953 vice
912 888 963 952 dei
995 889 1055 973 ita,
1086 893 1124 954 ut
1154 891 1188 954 in
1221 890 1261 954 iis

241 988 320 1052 insit
343 1009 471 1051 summa
493 986 666 1071 prudentia
689 990 722 1051 et
744 988 851 1050 omnis
871 986 1039 1072 diligentia
1062 988 1262 1073 providendi,

239 1088 276 1149 ut
296 1106 370 1148 cum
388 1082 587 1148 abundantia
601 1083 668 1148 sive
683 1087 827 1150 omnium
843 1086 910 1150 sive
928 1085 1143 1168 plurimorum
1162 1086 1262 1150 bono-

235 1205 310 1247 rum
325 1181 544 1266 multiplicata
558 1185 616 1267 est,
638 1182 771 1248 idoneos
787 1181 908 1268 eligant
922 1180 1069 1247 homines
1085 1182 1261 1247 adfractus

235 1281 398 1364 temporis
421 1278 510 1343 illius
529 1279 653 1364 copiosi
673 1281 719 1345 ita
738 1281 931 1364 condendos,
954 1285 991 1345 ut
1014 1282 1038 1345 ii
1057 1281 1263 1365 suppeditare

235 1379 370 1464 possint
400 1381 432 1441 et
461 1377 581 1442 mederi
611 1381 773 1443 extremae
803 1379 988 1443 necessitati
1021 1383 1053 1444 et
1085 1377 1261 1444 calamitati

236 1476 398 1560 temporis
420 1475 499 1538 mali
522 1479 554 1538 et
576 1475 726 1560 famelici,
749 1477 844 1560 quale
868 1497 963 1561 saepe
987 1476 1103 1542 accidit
1127 1480 1159 1540 et
1182 1478 1262 1541 acci-

238 1574 316 1638 dere
339 1574 470 1658 potcst'.
516 1572 560 1638 Et
582 1575 646 1638 nisi
669 1574 742 1656 quis
766 1576 796 1638 ei
818 1575 866 1638 rei
888 1575 1028 1638 multum
1057 1578 1088 1638 et
1113 1595 1207 1658 saepe
1231 1577 1263 1637 et

240 1671 389 1756 pluribus
408 1670 513 1735 modis
532 1671 706 1765 prospexit,
726 1693 843 1757 magna
859 1672 916 1736 illa
935 1672 1027 1756 copia
1046 1693 1154 1735 rerum
1172 1672 1263 1736 brevi

242 1770 413 1853 minuitur;
447 1790 545 1852 quare
570 1769 740 1833 consilium
765 1768 871 1833 Tulli
899 1774 962 1854 est,
994 1773 1031 1834 ut
1059 1791 1263 1853 quocumque

239 1872 386 1950 tempore
410 1888 528 1952 magua
550 1866 752 1950 providentia
776 1871 807 1931 et
830 1869 918 1932 omni
938 1867 1106 1954 diligentia
1125 1871 1263 1951 curetur,

238 1970 279 2030 ut
307 1988 357 2050 ea,
383 1965 469 2029 unde
496 1965 627 2048 alimur,
654 1965 736 2030 bene
761 1964 941 2032 condantur
964 1970 996 2030 et
1024 1969 1262 2031 conserventur.

237 2063 328 2128 Nam
351 2070 409 2148 per
430 2062 661 2128 abundantiam
685 2064 846 2128 bonorum
872 2062 962 2127 nulla
984 2086 1138 2147 umquam
1163 2064 1263 2128 domi-

236 2163 331 2226 natio
355 2161 390 2226 in
413 2161 593 2246 periculum
615 2161 730 2226 incidit
748 2165 805 2226 aut
824 2161 1022 2225 comminuta
1040 2165 1098 2245 est,
1121 2164 1263 2225 attamen

238 2262 353 2345 inopia
374 2282 413 2326 ac
435 2262 626 2325 necessitate
644 2261 766 2325 multae
786 2261 933 2325 civitates
956 2262 991 2324 in
1009 2282 1162 2346 magnum
1181 2262 1262 2345 peri-

236 2358 351 2423 culum
375 2358 530 2423 adductae
554 2361 587 2423 et
610 2380 704 2442 saepe
727 2359 910 2423 destructae
938 2361 1021 2422 sunt.
1067 2358 1110 2422 Et
1139 2358 1263 2442 siquis

239 2456 393 2521 dominus
412 2456 515 2521 dicere
529 2457 620 2521 velit:
645 2455 765 2521 ‘Nemo
785 2458 914 2542 ignorat
928 2478 979 2520 me
999 2478 1065 2521 non
1079 2478 1148 2521 esse
1168 2455 1262 2520 deum

239 2556 299 2639 qui
321 2555 493 2619 constituit
516 2557 742 2638 tempestatem
766 2554 807 2619 ad
830 2577 921 2619 suam
945 2556 1161 2637 voluntatem,
1184 2554 1263 2638 quid

239 2655 343 2739 igitur
366 2652 500 2737 periculi
524 2652 605 2717 mihi
629 2652 925 2736 acciderepotest?
966 2651 1010 2716 Et
1038 2652 1262 2736 quodcumque

238 2750 405 2834 acciderit,
422 2751 654 2835 qualecumque
668 2751 840 2816 consilium
856 2751 966 2815 datum
987 2751 1038 2835 sit,
1057 2771 1117 2835 ego
1133 2751 1262 2833 quidem

238 2851 327 2915 fame
350 2870 417 2913 non
440 2871 511 2912 sum
535 2848 720 2933 moriturus,
742 2847 805 2914 hoc
828 2853 914 2915 certe
937 2849 1107 2913 minimum
1126 2849 1263 2931 vereor'‚
1300 2840 1302 2843 ⁴

238 2948 319 3012 huic
341 2946 489 3025 Tullus·
504 2947 678 3030 respondet
700 2951 733 3012 et
757 2948 848 3013 dicit:
879 2947 967 3032 ‘Ego
991 2968 1058 3011 non
1081 2946 1152 3011 dico
1176 2948 1262 3030 prin·

239 3047 357 3130 cipcm'
370 3046 455 3110 fame
479 3044 535 3109 siti
557 3044 679 3131 frigore
702 3049 795 3110 aestu
817 3046 947 3111 interire
966 3043 1089 3129 debere,
1113 3043 1168 3109 sed
1190 3067 1262 3127 pro-

239 3145 326 3209 fecto
351 3143 422 3208 dieo
447 3143 476 3206 ei
495 3142 559 3207 tale
579 3142 699 3207 malum
718 3144 770 3207 vel
788 3142 880 3228 peius
899 3144 1043 3212 accidere
1061 3164 1165 3227 posse,
1189 3165 1261 3207 eum

239 3246 329 3308 certe
351 3240 436 3305 nihil
459 3243 515 3325 sit,
543 3239 630 3325 quod
652 3241 793 3326 principi
820 3245 988 3325 tantopere
1015 3240 1195 3305 timendum
1220 3242 1262 3305 sit

240 3362 340 3425 quam
363 3340 465 3405 fames
488 3338 610 3423 populi.
655 3338 741 3404 Nam
765 3339 905 3424 populus
929 3340 1014 3403 fame
1037 3344 1166 3403 enectus
1185 3340 1262 3403 talis

240 3441 301 3518 est,
325 3438 360 3501 in
382 3436 470 3520 quali
493 3435 583 3500 nihjl.
600 3436 706 3501 valeat
725 3438 896 3503 consilium
915 3459 1006 3501 amor
1025 3438 1128 3521 pietas
1150 3458 1261 3520 preces

240 3537 322 3601 fides
346 3535 452 3599 minae
474 3556 578 3618 neque
602 3534 689 3598 aliud
716 3536 888 3619 quiequam
913 3535 1057 3600 officium
1081 3534 1262 3618 qualecum-
