3000 4475
625 436 681 491 nn
699 435 866 491 annana
1140 418 1141 421 ‘
1213 435 1254 501 21

238 589 288 649 est
311 583 453 668 populus
476 605 550 648 cum
574 582 604 647 ei
625 604 692 647 non
710 581 754 646 sit
771 581 908 646 facultas
931 582 1031 646 libere
1050 580 1166 667 agendi
1185 601 1257 646 cum

239 681 368 747 artibus
392 684 423 745 et
445 684 635 757 mercatura.
672 679 817 744 Fortuna
841 679 1031 744 deseruntur
1049 683 1083 754 et
1100 679 1135 743 in
1152 700 1258 746 neces-

239 780 371 844 sitatem
393 778 594 863 perveniunt,
617 799 716 863 quare
733 777 891 862 paulatim
909 782 1113 843 murmurant
1135 781 1168 842 et
1186 799 1259 842 oon-

240 880 433 962 queruntur,
461 876 549 961 quod
572 876 636 941 ista
657 876 716 942 sub
741 875 959 940 dominatione
988 879 1071 940 sunt.
1117 875 1163 939 Et
1184 877 1259 941 inde

240 979 273 1040 in
296 974 415 1039 animis
434 995 545 1039 eorum
564 975 743 1060 gignuntur
763 974 868 1038 malae
885 974 1076 1058 voluntates,
1100 977 1132 1038 et
1151 973 1259 1038 existi·

238 1077 329 1138 mant
353 1094 591 1156 quamcumque
614 1072 710 1137 aliam
734 1094 772 1137 ac
794 1095 879 1137 nuno
905 1070 1046 1137 habeant
1069 1071 1259 1137 dominatio

236 1194 311 1237 nem
335 1171 471 1255 adeptos
499 1193 532 1235 se
559 1171 594 1235 in
621 1170 711 1234 nulla
738 1170 803 1235 alia
824 1171 887 1235 nisi
915 1170 1048 1235 meliore
1071 1169 1259 1236 condicione

236 1271 369 1336 futuros
393 1290 471 1334 esse.
517 1269 562 1333 llt
589 1273 659 1333 tum
686 1269 869 1354 proditores
897 1269 1096 1353 proditiones
1124 1272 1156 1334 et
1180 1267 1260 1332 sedi-

237 1369 315 1434 tiosi
340 1367 517 1432 seditiones
540 1366 673 1432 faciunt.
720 1365 783 1431 Sed
806 1367 834 1432 si
857 1367 979 1432 domini
1003 1370 1125 1451 curant,
1148 1370 1259 1430 utres

238 1465 370 1531 venales
400 1469 473 1529 tuto
504 1469 714 1550 exportentur
743 1467 777 1529 et
807 1465 1037 1551 importantur,
1067 1469 1259 1530 mercatores

241 1569 273 1628 et
311 1563 445 1648 opifices
481 1563 609 1628 lucrum
645 1564 795 1628 auferrmt
831 1563 972 1649 laetique
1004 1565 1126 1628 vivunt.
1176 1561 1260 1628 Tum

242 1661 384 1746 populus
416 1661 538 1728 divitiis
571 1662 715 1744 abundat
750 1664 783 1726 et
815 1662 933 1748 gaudet
970 1661 1028 1726 tali
1066 1661 1195 1726 domino
1229 1665 1261 1727 et

243 1760 382 1825 libenter
403 1783 476 1824 eum
499 1765 630 1825 tuentur
649 1764 681 1824 et
704 1759 880 1824 defendunt
898 1760 991 1844 eique
1015 1759 1124 1824 omnia
1145 1761 1262 1844 parant

243 1858 362 1943 quibus
384 1857 509 1944 indiget
527 1863 560 1924 et
581 1880 641 1943 pro
661 1879 698 1922 eo
718 1858 813 1922 deum
833 1863 1012 1943 precantur,
1035 1879 1139 1941 neque
1161 1850 1261 1942 popm

240 1957 325 2021 lares
347 1956 462 2039 solum,
485 1957 541 2021 sed
560 1957 657 2021 etiam
671 1977 782 2021 omnes
798 1956 853 2040 qui
872 1978 924 2021 res
938 1955 1066 2020 venales
1090 1956 1260 2019 interram

240 2056 310 2120 eius
334 2055 520 2139 important.
558 2053 666 2138 Atque
684 2053 738 2120 hic
758 2059 874 2137 quarto
894 2053 1024 2118 seminis
1043 2074 1143 2140 grano
1163 2053 1261 2118 finem

240 2175 418 2239 imponam.

333 2348 488 2427 Quintum
509 2355 606 2434 caput
629 2354 678 2415 est
701 2349 740 2414 de
765 2349 880 2433 quinto
904 2368 1014 2433 grano,
1038 2347 1125 2432 quod
1145 2351 1289 2421 tractat,

243 2448 408 2533 quomodo
426 2447 588 2533 principes
607 2447 727 2532 aliique
745 2447 868 2513 domini
887 2468 920 2510 se
944 2446 1106 2511 continere
1126 2445 1263 2509 debeant

244 2546 276 2610 in
304 2545 438 2611 tributis
467 2546 670 2631 imponendis
698 2545 765 2610 suis
793 2545 980 2610 hominibus
1008 2565 1154 2628 quaeque
1181 2544 1262 2627 peri·

245 2644 317 2709 cula
338 2666 357 2709 e
379 2643 541 2709 contrario
564 2649 744 2709 nascantur.

333 2741 443 2826 Atque
476 2742 620 2807 omnium
654 2764 735 2826 quas
768 2746 843 2806 sunt
878 2740 1094 2826 periculorum
1126 2738 1262 2804 'lullus

245 2840 323 2906 dicit
345 2845 432 2904 certe
458 2861 563 2924 neque
591 2840 810 2905 obliviscenda
835 2860 939 2923 neque
967 2838 1166 2924 neglegenda
1194 2859 1263 2902 esse

244 2960 281 3003 ea
298 2938 451 3023 pericula,
470 2960 551 3022 quae
570 2960 665 3023 saepe
684 2936 904 3021 compluribus
919 2936 1057 3001 dominis
1071 2935 1263 3018 acciderunt,

244 3036 333 3121 quod
355 3036 453 3100 nimis
475 3036 709 3101 inconsiderate
731 3035 889 3121 populum
917 3056 1010 3100 suum
1037 3034 1169 3099 tributis
1192 3055 1263 3120 gra·

244 3138 408 3199 vaverant.
453 3132 539 3199 Nam
563 3135 702 3219 populus
721 3156 758 3199 ea
782 3133 970 3199 condicione
994 3138 1050 3217 est,
1073 3137 1110 3197 ut
1132 3130 1263 3216 tributa,

244 3232 297 3297 vel
325 3231 354 3295 si
380 3233 560 3298 necessaria
593 3237 681 3317 sunt,
708 3232 851 3320 graviter
877 3232 967 3296 ferat.
1014 3230 1141 3296 Testem
1169 3228 1263 3294 vobis

244 3330 340 3395 affert
357 3328 556 3415 Marcellum,
579 3330 908 3414 †Brunlaventinum,
927 3329 1013 3394 viros
1032 3330 1066 3392 in
1080 3349 1115 3393 re
1133 3326 1263 3412 publica

245 3428 395 3493 Romana
426 3428 680 3494 administranda
711 3429 876 3513 florentes,
914 3427 1000 3513 quod
1032 3426 1071 3490 iis
1105 3424 1263 3510 acciderit,

246 3526 334 3611 quod
365 3525 468 3591 nimia
498 3527 621 3593 tributa
657 3526 779 3611 populo
811 3526 975 3609 imponere
1006 3523 1134 3589 vellent.
1186 3522 1263 3588 'lor-

246 3646 366 3709 queum
390 3623 497 3708 etiam,
520 3645 603 3711 cum,
625 3629 662 3690 ut
685 3622 870 3709 Scipionem
894 3623 928 3687 in
947 3621 1091 3687 Africam
1113 3622 1264 3706 mitteret,
