3000 4475
993 374 1004 409 l

240 429 284 493 62
552 429 586 484 Π.
606 428 944 485 COMMENTATIONES

333 580 377 638 De
406 580 560 640 tributis
589 599 707 656 quoque
734 580 921 639 simillimum
948 583 1144 656 praeceptum
1176 586 1261 658 eique

244 669 372 729 Antonii
392 672 443 744 20,
458 672 498 728 21
521 661 588 749 (21,
609 671 648 728 26
670 662 706 751 S)
728 672 881 729 invenitur
903 671 936 727 in
956 668 1105 729 Ciceronis
1128 671 1207 730 libro
1229 671 1260 730 <le

243 758 291 817 off.
310 758 343 817 H
364 761 413 817 74.
459 756 600 835 Legimus
618 758 673 817 ibi:
696 759 811 818 Danda
834 777 923 832 opera
947 763 995 828 cst,
1017 777 1062 828 nc,
1087 761 1167 834 quad
1186 761 1261 834 aput

242 850 369 906 maiores
391 852 505 906 nastros
523 865 609 920 saepe
626 849 715 920 tiebat
731 852 854 922 propter
872 850 985 907 cerarii
1002 850 1174 908 tenuitatem
1192 852 1259 909 assi·

242 937 440 1011 deitatemque
463 937 611 1006 bellarum,
638 938 779 996 tributurn
805 939 845 995 sit
870 938 1086 1010 conserendum,
1113 939 1204 1012 idque
1227 957 1259 996 ne

242 1028 356 1084 eueniat
377 1027 468 1084 rnnlta
490 1031 559 1086 ante
586 1029 641 1085 crit
657 1026 883 1100 procidendum.
928 1026 984 1085 Sin
1006 1045 1081 1099 auae
1107 1029 1259 1088 necessitas

241 1115 331 1174 naus
361 1118 492 1174 muneris
523 1117 616 1175 alunt
646 1117 690 1174 rei
715 1116 853 1188 publicae
885 1115 1041 1185 obuenerit,
1074 1117 1181 1176 danda
1212 1120 1258 1176 crit

243 1221 341 1278 opera,
364 1210 399 1263 ut
420 1222 518 1264 crnncs
540 1205 716 1278 iuetleacnlt,
738 1207 767 1262 si
788 1205 866 1264 salci
888 1222 948 1264 esse
971 1206 1072 1274 caint,
1099 1209 1258 1266 necessitati

243 1310 303 1353 esse
320 1295 499 1367 parendum.
544 1292 660 1352 Ibidem
684 1292 786 1352 Cicero
808 1295 899 1352 etiem
922 1293 958 1352 de
982 1313 1066 1353 curu
1090 1313 1258 1368 annonae,

243 1381 280 1441 de
295 1402 355 1458 que
369 1382 518 1442 Antonius
534 1384 585 1457 24,
596 1384 638 1441 24
648 1374 745 1462 (23,6
759 1373 794 1463 S)
813 1384 887 1460 egit,
905 1381 1047 1458 loquitur.
1069 1383 1173 1459 Atque
1192 1385 1257 1442 haec

242 1474 312 1531 sunt
344 1473 407 1532 eius
439 1471 543 1530 verbe:
582 1471 687 1530 Orines
715 1474 766 1544 qui
792 1490 854 1531 rern
875 1472 1028 1544 publicam
1057 1473 1258 1546 anbcrnclunt

242 1561 391 1621 consulere
413 1561 562 1630 debebunt,
589 1566 622 1619 nt
649 1578 751 1620 carum
777 1579 878 1619 rcrurn
905 1563 989 1634 capia
1015 1563 1062 1631 sit,
1089 1580 1166 1636 qnae
1195 1566 1257 1622 sunt

242 1651 283 1708 acl
311 1653 418 1708 uictum
448 1653 638 1709 necessariae.
690 1649 809 1709 Similis,
835 1651 977 1728 legimiur
1004 1651 1040 1708 de
1069 1651 1117 1710 off.
1140 1651 1189 1710 ΙΠ
1212 1653 1256 1710 31.

242 1739 444 1814 Relinquitur,
472 1741 507 1797 ui
533 1740 570 1797 de
598 1757 683 1798 curu
706 1739 879 1798 bonorum
902 1738 1144 1815 publicorum,
1173 1759 1255 1816 quem

241 1828 392 1887 Antonius
408 1829 459 1902 28,
475 1831 515 1887 22
533 1821 600 1908 (24,
616 1831 657 1888 20
669 1821 704 1910 S)
726 1830 848 1904 maciei,
872 1831 902 1887 el
925 1827 1153 1905 libertatum,
1178 1831 1257 1888 cuius

243 1918 371 1992 scriptor
404 1916 648 1994 Francognllicus
677 1919 733 1991 32,
749 1918 790 1976 28
816 1910 872 1998 (26
897 1908 932 1996 S)
964 1919 1148 1977 mentionem
1180 1919 1257 1991 facit,

242 2005 393 2064 disseram.
439 2004 528 2065 Illum
553 2006 654 2066 Cicero
682 2005 788 2066 laudet
815 2007 851 2064 de
879 2006 1052 2080 off.1183‚
1080 2026 1148 2066 eum
1177 2008 1257 2066 dicit:

241 2095 293 2152 Ea
326 2099 367 2152 est
395 2112 511 2154 sumana
540 2099 617 2155 ratic
654 2099 681 2153 et
714 2098 862 2168 sapientia
894 2097 961 2155 bani
991 2097 1075 2166 acis,
1112 2098 1258 2156 enuncia

241 2185 351 2243 ciuium
373 2201 433 2243 nan
451 2185 586 2246 iliccllcrc
605 2189 690 2259 atque
708 2201 806 2244 ornnes
825 2187 968 2259 aequitate
987 2186 1086 2245 eadem
1104 2189 1257 2262 continere

242 2276 371 2333 maxime
399 2277 500 2333 autem
527 2274 587 2333 ibd.
610 2274 718 2333 1185:
750 2275 782 2334 Ii
809 2278 860 2349 aui
887 2293 948 2334 rern
965 2276 1119 2349 publicam
1141 2278 1257 2336 tuebun

242 2367 292 2420 tur
313 2365 347 2422 in
363 2365 474 2437 prinu
497 2381 615 2437 operam
634 2365 755 2432 dabunt,
778 2368 811 2422 ut
827 2366 904 2423 iuris
923 2369 949 2423 et
965 2364 1145 2423 iusticicrlnn
1163 2368 1258 2440 aequi·

241 2456 299 2510 tate
320 2468 409 2511 suurn
431 2455 552 2526 quisque
580 2457 674 2512 teneat
700 2458 727 2511 et
747 2471 839 2527 neque
861 2456 1005 2512 tenuiores
1022 2459 1145 2527 propter
1167 2456 1258 2513 liuni-

241 2542 352 2599 litatem
388 2544 656 2601 circumveniantur
691 2560 783 2616 neque
818 2543 1007 2615 lounlaibns
1043 2543 1084 2601 cd
1119 2562 1178 2603 sua
1217 2544 1259 2603 uel

241 2632 366 2689 tenenda
397 2632 442 2690 cel
473 2631 676 2703 recuperanda
707 2631 782 2690 obsit
807 2633 932 2701 inuidia,
958 2635 1113 2705 praetuea
1143 2634 1259 2707 quibus·

242 2737 363 2791 sinuque
389 2721 476 2778 rebus
502 2722 548 2779 uei
577 2721 644 2780 belli
672 2722 718 2779 uel
746 2722 826 2779 (torni
847 2725 995 2794 poterunt,
1024 2739 1085 2780 rern
1107 2723 1258 2795 publicare

242 2813 370 2881 aucant
392 2812 523 2882 imperia,
551 2812 641 2884 uaris,
668 2810 864 2884 vidualibus.
910 2810 994 2869 Hucc
1015 2828 1193 2884 mancinum
1212 2812 1258 2869 ln

242 2899 356 2955 minum
387 2902 464 2967 sunt,
495 2899 566 2957 tinec
597 2900 679 2972 apud
709 2902 836 2958 naiores
866 2904 981 2957 nosnos
1011 2900 1160 2971 factitata,
1192 2901 1258 2960 llaec

239 3004 349 3060 acnera
378 2988 544 3060 officiarum
574 2991 625 3062 qui
648 2993 868 3061 persequuntur
897 3005 963 3047 cunr
991 3005 1108 3047 sumnia
1135 2990 1259 3049 utilitate

241 3078 286 3134 rci
299 3076 438 3149 publicae
455 3095 594 3152 nnanarn
611 3079 670 3150 ipsi
688 3078 889 3150 adipiscentur
902 3082 929 3137 et
938 3080 1068 3152 qratiam
1087 3082 1114 3136 ct
1124 3078 1256 3152 aleriam

242 3163 325 3222 Idem
356 3164 519 3224 Hecatonis
556 3166 592 3225 de
629 3167 685 3225 huc
720 3186 752 3225 re
790 3168 969 3225 sententiam
1001 3184 1085 3224 suem
1117 3167 1194 3227 fecii
1225 3168 1258 3225 de

243 3254 290 3311 off.
313 3253 369 3328 ΙΠ,
395 3255 450 3313 63:
485 3254 675 3329 Sincularunl
701 3256 857 3328 facultates
880 3260 907 3313 et
928 3258 1027 3329 copiae
1050 3257 1171 3316 diuitiae
1194 3260 1259 3316 sunt

242 3344 375 3400 ciuitatis.
420 3342 580 3403 Praeterea
612 3343 756 3403 addamus
789 3345 889 3403 locum
917 3345 953 3403 de
980 3344 1029 3403 fin.
1053 3344 1099 3402 111
1125 3347 1182 3421 64,
1208 3346 1259 3404 ubi

244 3430 361 3490 Cicero:
391 3433 443 3490 Vir
465 3435 567 3509 inquit
595 3435 686 3491 lanus
710 3438 736 3491 et
762 3436 881 3507 sapiens
904 3438 931 3492 et
962 3434 1072 3508 leuibus
1093 3452 1209 3507 parens
1235 3438 1259 3493 et

242 3522 336 3579 ciuilis
358 3523 450 3594 oflicii
468 3540 527 3580 nan
546 3526 669 3596 tuncrus
687 3524 808 3582 utilitati
825 3525 955 3581 omniurn
973 3524 1045 3596 plus
1063 3541 1153 3595 quarn
1171 3526 1258 3583 unius

243 3611 369 3669 alicuius
402 3615 455 3669 aut
485 3630 558 3670 suae
590 3613 728 3684 consulit;
764 3630 816 3671 nec
847 3614 942 3685 mauis
975 3616 1017 3670 cst
1047 3614 1258 3685 vituperandus

236 3700 372 3772 proditor
393 3704 513 3774 patriae
541 3720 629 3774 quarn
659 3703 819 3759 cummunis
846 3703 981 3760 utilitatis
1008 3704 1061 3760 aut
1083 3703 1189 3760 salutis
1211 3702 1255 3760 de·

241 3793 335 3846 sertor
361 3795 484 3863 prepter
515 3808 601 3849 suani
632 3792 794 3849 utilitatem.
841 3788 951 3849 Ourem
982 3809 1052 3849 vero
1085 3790 1255 3850 libertatum
