3000 4475
417 432 440 481 a.
460 426 509 480 nn
528 426 708 483 araneosa
725 426 881 484 nurouu
898 392 1068 483 1111111
1212 428 1257 492 63

239 577 343 638 Cicero
366 580 469 654 pausis
492 579 591 639 verbis
613 581 758 639 mactavit
777 579 813 639 de
835 599 868 638 re
891 601 919 656 p.
934 579 965 637 H
984 582 1043 639 57:
1070 581 1110 639 Iu
1133 585 1260 654 teuetote,

238 669 317 742 quod
334 669 418 726 iuitio
437 669 508 736 diui,
531 671 591 727 uisi
609 670 772 742 aequabitis
793 669 864 728 baec
882 672 915 727 iu
933 671 1047 728 ciuitate
1065 671 1259 743 compensatio

236 759 277 816 sit
300 761 327 815 et
348 759 425 815 iuris
449 761 475 815 et
497 759 589 830 offleii
613 758 639 816 et
664 760 809 826 muueris,
837 763 870 816 ut
897 761 924 816 et
944 761 1097 831 potestatis
1125 761 1198 818 satis
1227 761 1260 816 iu

235 847 459 919 marist-ratibus
486 850 513 905 et
534 849 715 905 auctoritatis
736 849 770 904 iu
787 849 960 920 primatuum
983 848 1102 906 eousibio
1127 852 1153 905 et
1175 849 1260 906 biber·-

237 938 307 996 tatis
339 937 374 992 iu
399 936 511 1009 populo
541 937 587 1004 sit,
619 953 679 994 mm
703 953 792 1009 posse
818 937 896 996 trumo
924 938 1187 996 iucommutabilem
1216 940 1261 995 rei

234 1026 373 1099 publicae
395 1026 563 1084 11111111νὶ
585 1029 701 1084 statum.

329 1113 409 1183 Quin
432 1113 525 1172 etiam
548 1114 667 1191 singule
685 1113 811 1173 Antonii
828 1116 990 1190 praesepta
1013 1113 1168 1173 simillime
1190 1119 1262 1187 sunt

236 1204 363 1261 monitis
387 1201 598 1261 Ciceronianis.
642 1202 699 1261 Vel
721 1203 789 1281 fugi
813 1203 984 1263 adulatores
1007 1202 1092 1262 iubet
1110 1202 1261 1263 Antonius

238 1293 273 1366 4,
288 1293 332 1352 20
353 1284 425 1372 (16,
445 1293 465 1349 4
484 1283 520 1372 S)
551 1294 582 1350 et
604 1292 721 1351 Tullius
744 1292 819 1351 dioit
841 1292 877 1351 de
901 1292 948 1351 off.
968 1293 984 1350 Ι
1003 1294 1058 1351 91:
1089 1292 1260 1352 Oasoeuoium

238 1384 281 1440 est
303 1397 341 1439 ue
365 1382 595 1440 assentatoribus
612 1382 831 1455 patefaciamus
854 1400 943 1441 aures
969 1400 1040 1440 ueee
1063 1383 1184 1441 adulari
1206 1399 1262 1440 uos

238 1472 384 1528 sinamus.
432 1468 550 1528 Similia
572 1469 662 1530 habet
683 1469 765 1528 Lael.
791 1472 843 1545 91,
870 1490 959 1546 quem
986 1471 1085 1529 looum
1114 1470 1262 1530 exscribat

242 1559 283 1618 Ut
318 1576 435 1617 mouere
472 1562 498 1617 et
530 1561 642 1618 moueri
672 1562 831 1633 proprium
864 1564 905 1618 est
935 1577 1022 1619 uerae
1054 1561 1200 1620 amicitiae
1235 1564 1262 1617 et

237 1649 365 1707 atterum
392 1649 480 1706 tibere
507 1648 613 1720 faeere,
640 1666 701 1707 nou
728 1666 840 1723 aspera
869 1650 993 1708 atterum
1015 1651 1163 1722 patieuter
1185 1652 1260 1708 aoei-

235 1755 315 1813 pere,
343 1754 403 1794 uou
430 1741 636 1810 repuauouter,
665 1739 708 1796 sie
734 1738 900 1797 hubaudum
928 1742 970 1796 est
995 1739 1110 1797 uuiiam
1132 1740 1165 1797 iu
1187 1741 1264 1797 umi-

241 1829 315 1885 a'tiis
333 1830 446 1899 pestem
473 1844 534 1885 esse
555 1829 696 1886 maiorem
724 1845 813 1899 quam
841 1828 1046 1895 adutatiouem,
1078 1828 1263 1893 biauditiam,

239 1917 478 1974 adseutatiouem.
524 1915 565 1974 ut
583 1915 691 1991 quodsi
708 1917 847 1992 princeps
866 1916 1020 1991 speculum
1039 1918 1172 1975 omnium
1196 1934 1263 1976 esse

240 2003 330 2064 debet
358 2004 521 2063 seeundum
548 2003 846 2080 Antonium14,18
867 1997 938 2085 (19,
959 2007 998 2064 21
1021 1998 1070 2086 S),
1098 2023 1262 2081 compares,

239 2112 317 2169 quae
346 2093 426 2152 dieat
450 2091 551 2152 Cicero
575 2093 611 2152 de
638 2093 716 2172 legg.
735 2093 782 2151 HI
803 2095 857 2152 28:
897 2093 1005 2154 Ueteris
1032 2097 1177 2167 specimeu
1204 2101 1261 2154 esto

240 2182 325 2255 (erdo
344 2181 507 2257 priuoeps),
531 2185 562 2243 et
584 2183 620 2241 de
643 2202 676 2242 re
698 2203 727 2260 p.
742 2182 774 2241 Π
794 2184 849 2242 69:
892 2183 931 2243 Ut
952 2201 983 2243 se
1005 2185 1154 2257 specuium
1171 2202 1261 2257 pree·

240 2272 305 2331 beat
341 2273 460 2331 oioibus.
515 2273 556 2331 ut
591 2274 691 2348 plures
728 2278 799 2332 sunt
835 2272 1056 2332 similitudines.
1109 2273 1263 2349 Imperare

238 2380 326 2438 posse
349 2361 516 2437 principes,
542 2365 577 2419 ut
604 2380 706 2421 omnes
735 2362 793 2421 sibi
815 2364 955 2438 pareant,
977 2362 1126 2422 Antonius
1147 2364 1257 2437 22,11

240 2442 347 2532 (227
374 2442 409 2530 S)
442 2449 529 2509 dioit:
562 2469 597 2509 aa
628 2450 696 2510 vide
728 2451 764 2509 de
791 2470 824 2511 re
851 2471 880 2527 p.
903 2450 919 2509 I
943 2452 999 2526 51,
1031 2451 1083 2509 ubi
1114 2453 1262 2527 populum

239 2542 363 2599 summis
385 2557 495 2613 parere
522 2540 605 2598 iubet
628 2538 740 2615 Cicero,
773 2539 798 2599 si
826 2541 935 2599 summi
962 2542 1073 2600 virtute
1101 2544 1131 2599 et
1159 2542 1260 2599 animo

241 2630 392 2706 praesunt.
438 2627 574 2704 Denique
602 2628 741 2705 prineeps
768 2628 901 2688 Antonio
926 2631 982 2704 34,
999 2632 1039 2689 23
1061 2621 1132 2711 (26,
1157 2632 1198 2689 26
1225 2622 1262 2710 S)

240 2721 361 2778 austere
398 2716 499 2791 debet,
535 2736 602 2776 eum
634 2736 752 2777 neeesse
785 2717 839 2793 sit,
875 2721 1000 2778 mortem
1034 2721 1174 2795 oppetere
1205 2738 1262 2794 pro

239 2807 348 2885 patria.
401 2806 442 2865 Et
471 2804 572 2865 Oieero
600 2808 636 2866 de
669 2807 715 2866 off.
740 2807 756 2865 I
781 2808 821 2866 86
847 2807 904 2866 ait:
936 2809 987 2867 Ita
1019 2810 1147 2867 iustitiae
1175 2809 1261 2866 boue-

239 2899 364 2971 statiaae
383 2896 567 2955 adhaerescet
584 2895 758 2971 (princeps),
781 2901 821 2965 ut,
841 2898 912 2955 ctum
931 2915 964 2956 ea
984 2901 1136 2965 oouseroot,
1160 2915 1262 2970 auom·

240 2988 285 3045 eis
301 2987 434 3061 arariter
451 2986 580 3060 offerebat
596 2990 772 3058 mortemque
789 2990 905 3059 oppetat
921 2988 1021 3059 potius
1040 3005 1129 3060 auam
1147 2987 1263 3045 deserat

240 3075 294 3134 iila
322 3091 398 3148 auae
420 3074 497 3147 diei,
525 3076 556 3133 et
577 3074 614 3132 de
641 3074 690 3133 dn.
710 3073 757 3133 HI
772 3076 828 3134 64:
851 3075 901 3134 Eu
928 3093 983 3149 quo
1005 3077 1053 3148 tt,
1080 3080 1114 3134 ut
1136 3077 1262 3134 laudau-

241 3164 298 3222 dus
320 3166 348 3222 is
370 3165 417 3231 sit,
440 3165 491 3236 qui
512 3167 632 3221 mortem
655 3167 771 3237 oppetat
786 3181 844 3239 pro
867 3182 899 3223 re
916 3165 1046 3238 publiea.

334 3251 414 3312 Satis
445 3250 520 3310 mihi
551 3251 769 3313 demonstrasse
797 3253 900 3312 videor
929 3271 1030 3313 omnes
1059 3254 1121 3312 fere
1150 3256 1263 3329 partae,

242 3360 316 3417 quas
341 3341 379 3400 ab
401 3340 534 3400 Antonio
558 3360 593 3399 ex
617 3341 703 3399 Tullo
731 3342 855 3401 haustas
884 3360 946 3401 esse
974 3344 1057 3417 prius
1081 3361 1261 3419 cognovera-

240 3449 321 3505 mus,
362 3432 459 3507 megis
496 3449 586 3506 quam
623 3449 742 3506 sperare
781 3430 963 3490 audebamus
1006 3450 1072 3490 eum
1111 3430 1260 3491 Ciceronis

240 3520 396 3580 sententiis
424 3518 560 3578 doctrina
590 3519 758 3596 praeceptis
792 3521 966 3580 consentire.
1020 3520 1105 3590 Quod
1131 3523 1262 3579 maxime

241 3609 366 3668 interest
396 3608 435 3667 ad
469 3608 685 3683 quaestionem,
719 3628 809 3684 quam
838 3609 999 3669 tractaturi
1015 3650 1016 3653 η
1030 3629 1110 3669 nuno
1143 3628 1261 3669 sumus:

241 3698 391 3758 Oioeronis
419 3696 455 3755 de
478 3696 641 3757 virtutibus
667 3698 744 3757 liber
770 3717 868 3758 nonne
895 3717 1000 3758 revera
1023 3698 1154 3758 Antonio
1182 3702 1263 3758 inter

239 3806 345 3847 manus
369 3788 504 3846 versatus
528 3785 593 3845 est?
