3000 4475
599 455 655 510 LA
673 443 858 511 aaaron
1193 455 1234 519 13

203 603 263 665 tot
285 599 361 665 novi
385 621 479 665 casus
502 604 599 684 atque
623 600 788 665 inauditae
815 622 881 684 res,
909 623 990 685 quae
1019 602 1146 666 animus
1169 623 1234 666 non

206 698 366 784 cogitare,
389 697 503 784 lingua
526 719 592 763 non
616 699 725 784 eloqui
748 699 863 776 ualeat.
910 698 1041 763 Testem
1063 699 1160 763 huius
1187 699 1236 763 rei

207 795 309 860 vobis
337 795 419 860 dabo
448 795 580 860 Troiam
608 819 775 883 magnam,
803 819 885 882 quae
912 797 1083 861 nobilitate
1112 797 1235 861 divitiis

212 893 405 959 fortitudine
433 893 603 958 hominum
632 895 878 980 opulentissima
910 894 944 958 iu·
972 894 1057 960 bello
1086 895 1235 961 incendio

210 991 319 1057 deleta
342 991 506 1056 destructa
530 992 638 1056 diruta
662 997 720 1077 est,
742 993 885 1078 itemque
908 991 1056 1077 †ante,
1079 991 1235 1077 Athenas,
1343 1058 1345 1063 ,

207 1089 350 1174 Thebas,
374 1088 613 1176 Carthaginem,
636 1089 784 1176 Romam,
808 1113 890 1176 quae
915 1090 1000 1155 nihil
1023 1095 1081 1175 est,
1105 1091 1133 1155 si
1157 1091 1236 1175 quid

206 1187 311 1252 fuerit
335 1191 475 1273 spectas,
499 1180 684 1273 multasque
707 1189 788 1253 alias
811 1189 969 1253 maximas
993 1193 1025 1252 et
1048 1189 1235 1273 potentissi-

206 1307 281 1350 mas
310 1285 458 1350 civitates
486 1284 572 1349 bello
603 1285 644 1349 ab
678 1286 779 1371 stirpe
812 1287 997 1351 exstinctas.
1042 1287 1167 1369 Etiam,
1194 1309 1234 1351 ne

206 1384 343 1470 longius
370 1382 574 1469 progrediar,
605 1387 718 1448 nostra
746 1388 851 1450 aetate
879 1389 1000 1470 quanto
1029 1385 1064 1448 in
1090 1385 1234 1470 periculo

206 1487 245 1547 et
269 1481 455 1546 discrimine
478 1481 542 1546 fuit
564 1480 627 1546 hoo
650 1503 788 1568 regnum
810 1482 965 1548 Franciae
994 1486 1026 1547 et
1049 1505 1147 1566 quam
1170 1482 1235 1567 diu,

207 1578 300 1664 quod
327 1601 414 1644 nunc
442 1579 493 1644 dei
521 1579 627 1666 gratia
655 1580 763 1665 ample
791 1581 979 1645 restitutum
1003 1585 1051 1646 est
1080 1585 1183 1665 atque*
1200 1582 1235 1644 in

208 1677 281 1742 dies
304 1699 364 1762 pro
388 1678 474 1742 bono
498 1699 649 1742 successu
670 1678 839 1744 meliorem
867 1683 988 1764 sperat:
1016 1701 1098 1764 quae
1126 1679 1234 1743 omnia

170 1843 172 1846 ,
208 1775 398 1841 acciderunt
430 1779 564 1860 propter
595 1775 682 1840 bella
714 1780 746 1840 et
779 1777 965 1843 discordias.
1010 1775 1124 1861 Itaque
1156 1777 1234 1841 boni

210 1873 336 1938 bellum
360 1874 497 1939 oderunt
516 1878 548 1938 61
566 1873 680 1959 populi
703 1874 845 1960 fugiunt,
867 1898 944 1939 nam
967 1875 1052 1939 bona
1075 1874 1180 1959 perdit
1203 1879 1234 1940 61

209 1971 297 2036 vitas
321 1971 509 2057 exstinguit.
555 1970 601 2036 At
623 1971 896 2057 tranquillitatem
918 1973 1008 2056 pacis
1030 1973 1233 2056 praedicatae

208 2091 325 2135 omncs
349 2070 427 2134 boni
449 2069 521 2155 pari
545 2069 641 2134 modo
666 2069 862 2155 desiderant,
890 2092 963 2135 cum
990 2071 1025 2134 in
1048 2070 1133 2135 bona
1156 2093 1233 2155 pace

209 2167 337 2232 domini
369 2171 402 2232 61
433 2168 547 2253 populi
580 2190 654 2232 cum
686 2168 805 2254 gaudio
838 2172 871 2233 et
901 2168 1026 2233 laetitia
1058 2169 1169 2233 vivant
1202 2173 1234 2233 61

208 2267 315 2332 vitam
347 2267 518 2331 mortalem
555 2288 666 2331 secure
699 2267 831 2353 degant3
868 2290 944 2331 nam
975 2268 1009 2331 in
1041 2289 1119 2353 pace
1152 2289 1233 2352 quae

208 2366 350 2449 quisque
382 2364 452 2430 iure
483 2364 595 2450 habet,
627 2386 661 2428 re
692 2386 769 2429 vera
800 2387 859 2430 sua
887 2387 957 2430 esse
984 2366 1089 2431 dicere
1116 2370 1233 2451 potest,

210 2463 291 2528 belli
314 2484 390 2527 vero
408 2467 555 2547 tempore
574 2484 686 2527 omnes
710 2462 745 2527 in
763 2485 881 2547 pavore
899 2464 1014 2528 vivunt
1034 2468 1065 2528 et
1083 2468 1233 2529 metuunt

209 2561 404 2647 corporibus
429 2564 461 2624 et
483 2560 705 2645 bonisncque
733 2561 896 2625 affirmare
924 2565 1062 2645 possunt
1089 2583 1123 2626 66
1147 2563 1234 2646 quic-

209 2681 310 2744 quam
332 2658 460 2737 habere,
485 2658 632 2742 quamvis
656 2659 767 2744 magni
785 2659 837 2723 vel
855 2664 1004 2744 potentes
1028 2660 1102 2724 sint.
1139 2660 1233 2724 Prae·

207 2762 313 2841 terea,
335 2755 382 2820 mi
405 2756 534 2820 domine
556 2757 836 2843 reverendissime,
864 2758 991 2822 affirmo
1015 2758 1107 2823 vobis
1132 2758 1233 2822 domi·

208 2877 291 2919 num
318 2875 384 2918 non
413 2856 492 2919 satis
524 2858 633 2919 tutum
666 2876 748 2939 esse,
782 2876 855 2920 cum
887 2859 1000 2921 contra
1031 2855 1232 2920 voluntatem

208 2974 334 3037 eorum,
358 2972 439 3037 quos
457 2952 551 3039 regit,
573 2951 768 3018 discordiam
785 2954 838 3018 vel
855 2953 978 3019 bellum
996 2954 1091 3018 ineat.
1128 2952 1231 3031 Quam

209 3050 360 3135 obrem,
388 3049 434 3113 mi
457 3049 600 3136 domine,
627 3051 699 3116 dico
722 3072 835 3136 pacem
863 3051 1054 3136 cupiendam
1081 3055 1113 3115 et
1137 3073 1232 3135 quae-

210 3148 345 3212 rendam
369 3169 439 3212 essc
462 3147 634 3233 diligenter
661 3170 765 3234 neque
793 3150 1022 3214 contumeliam
1050 3150 1096 3214 ibi
1118 3149 1233 3213 timen-

210 3246 393 3330 damasso,
421 3245 478 3311 ubi
509 3246 559 3311 dei
587 3246 676 3311 iussa
702 3245 870 3312 habemus.
915 3246 1001 3312 Nam
1030 3248 1087 3333 qui
1113 3247 1246 3318 iniuria¹

211 3366 324 3427 pacem
347 3344 509 3429 repudiat,
537 3343 567 3408 ei
590 3344 669 3409 deus
692 3344 894 3410 adversatur:
922 3348 1022 3411 testes
1050 3346 1231 3429 complures

212 3442 276 3507 mei
300 3442 456 3526 temporis
479 3464 617 3528 pugnae.
663 3441 782 3528 Quare,
805 3443 851 3508 mi
874 3442 1017 3527 domine,
1044 3465 1154 3528 pacem
1179 3465 1231 3507 ou-

211 3540 364 3626 piendam
383 3562 452 3605 esse
471 3540 543 3606 dico
558 3545 591 3606 et
606 3541 821 3625 quaerendam
839 3540 975 3606 honeste
995 3544 1026 3605 et
1046 3541 1231 3627 diligentem
1279 3568 1281 3570 ·

210 3643 244 3703 ot
268 3638 325 3722 qui
347 3637 410 3703 hoc
432 3638 519 3725 facit,
543 3639 594 3703 dei
617 3639 740 3704 amicus
764 3643 813 3704 est
836 3644 868 3703 61
891 3644 1018 3705 amatus
1036 3663 1055 3703 a
1074 3640 1151 3725 suis,
1174 3638 1231 3723 qui
