3000 4475
580 451 635 504 nn
653 447 820 503 6116116
1171 446 1211 508 19
1260 441 1262 445 ’

210 619 269 661 11111
301 594 358 680 qui
383 594 467 678 petit
494 596 559 659 iam
592 593 725 658 dimidio
760 592 928 676 satisfecit,
961 596 993 656 66
1024 591 1100 656 11666
1132 612 1212 675 quae

209 693 312 759 »etivit
330 693 384 756 ille
402 691 562 778 1161666166
580 692 655 776 sint,
672 696 783 755 tamen
797 690 930 754 dimidio
950 692 1120 755 contentus
1135 689 1212 774 abit,

209 794 224 857 i
255 792 404 876 princeps
432 791 462 855 ei
491 791 632 854 suaviter
659 789 801 854 ostendit
828 811 865 853 66
893 810 975 872 quae
1002 789 1130 874 rogavit
1157 789 1213 851 aut

209 913 229 953 n
260 889 413 954 damnum
442 909 577 953 evasura
607 891 664 951 aut
698 891 810 952 contra
843 886 1019 951 utilitatem
1051 884 1213 971 publicam

209 992 253 1054 aut
284 987 373 1072 legas
406 1008 488 1069 esse,
520 989 577 1049 aut
609 986 639 1050 ei
667 1006 705 1049 ex
732 989 825 1070 parta
852 984 981 1067 quidem
1013 983 1214 1048 satisfactum

209 1087 244 1170 ri,
263 1088 321 1148 aut
340 1106 375 1148 se
394 1105 522 1148 causam
541 1082 702 1150 iudicibus
721 1084 968 1147 commissurum
986 1103 1064 1166 esse,
1087 1080 1216 1165 aliaque

209 1183 316 1248 imilia
339 1181 475 1247 comiter
497 1203 665 1266 responsa,
693 1203 777 1265 quae
803 1180 897 1246 facile
924 1179 1062 1245 inveniri
1091 1184 1123 1242 66
1151 1178 1215 1242 dici

209 1283 364 1365 ›oterunt3
389 1280 447 1343 tali
471 1280 572 1364 igitur
593 1279 690 1343 modo
709 1279 765 1344 ille
784 1281 953 1345 contentus
976 1277 1089 1363 abibit,
1111 1297 1217 1359 neque

211 1381 256 1444 rit
285 1377 457 1462 quisquam
487 1377 566 1462 quin
594 1377 632 1441 de
659 1376 718 1440 tali
745 1377 891 1462 principe
919 1376 1078 1461 optimum
1107 1373 1217 1438 existi-

209 1481 263 1540 not
288 1480 319 1539 66
341 1475 503 1559 loquatur.
545 1474 608 1540 Sed
631 1475 699 1539 sive
723 1476 883 1540 consentit
903 1475 970 1539 sive
993 1477 1130 1556 recusat,
1153 1472 1217 1535 uti-

209 1594 262 1657 1116
292 1595 383 1638 mora
414 1573 548 1637 minima
580 1573 635 1658 sit,
671 1596 746 1637 nam
784 1573 830 1644 ita
862 1573 970 1638 omnia
1002 1571 1146 1637 iustitiae
1183 1573 1218 1633 66,

209 1671 323 1757 gratiae
344 1671 440 1755 plena
462 1676 571 1756 erunt,
594 1671 769 1736 secundum
792 1671 999 1756 proverbium
1026 1669 1108 1733 illud
1136 1668 1217 1745 ‘Qui

209 1768 265 1833 rito
294 1768 361 1855 dat,
387 1769 439 1833 bis
468 1770 551 1834 dat'.
599 1767 691 1846 Quod
719 1773 768 1834 est
796 1768 1048 1854 intellegendum
1078 1767 1216 1854 gratiam

209 1866 345 1932 celeriter
371 1867 479 1930 datam
508 1889 577 1932 csse
605 1867 810 1952 duplicatam.
855 1865 900 1931 Et
931 1866 978 1930 ita
1004 1866 1101 1929 finem
1130 1865 1221 1948 capit.

210 1966 331 2030 artium
355 1987 462 2029 meum
486 1987 623 2050 granum
647 1966 787 2030 seminis.

289 2159 445 2239 Quartum
471 2167 567 2248 caput
594 2165 713 2226 tractat
740 2166 893 2247 quartum
921 2183 1057 2249 granum
1086 2159 1218 2226 seminis

209 2261 286 2346 [uod
309 2260 455 2345 loquitur
478 2261 516 2324 de
540 2260 718 2324 commodis
747 2261 970 2325 communibus
999 2265 1031 2325 66
1055 2258 1218 2344 quomodo

209 2384 235 2425 ea
258 2359 468 2445 gubernanda
490 2359 564 2423 sint.

287 2456 439 2522 Profecto
464 2456 584 2541 scripta
603 2456 788 2522 authentica
806 2458 948 2542 itemque
967 2461 1113 2544 exempla
1136 2480 1218 2544 quae

209 2560 274 2621 11166
293 2554 404 2619 oculos
422 2553 578 2619 habemus
596 2554 692 2619 nobis
709 2559 903 2641 monstrant,
923 2558 1084 2640 quomodo
1104 2558 1217 2643 guber·

209 2675 276 2718 aare
304 2653 485 2717 debeamus,
531 2651 601 2728 Qua
624 2653 663 2716 de
682 2675 720 2729 re
743 2652 889 2736 loquitur
912 2653 1048 2720 Tullus
1072 2656 1107 2720 in
1133 2655 1217 2721 libro

209 2773 296 2835 1116111
328 2750 576 2815 memoravimus
608 2750 659 2815 De
685 2752 850 2817 virtutibus
882 2756 913 2816 66
945 2753 980 2816 111
1012 2754 1118 2838 capite
1145 2752 1217 2818 Vll.

209 2850 241 2914 16
265 2850 345 2915 dicit
368 2870 479 2913 omnes
502 2849 664 2933 principes
688 2852 720 2914 66
743 2849 825 2913 alios
854 2850 1002 2915 dominos
1030 2851 1119 2915 omni
1143 2873 1218 2916 cura

209 2953 231 3012 16
254 2946 424 3033 diligentia
446 2947 480 3010 id
503 2969 597 3032 agere
621 2947 748 3031 debere,
778 2951 816 3011 ut
838 2970 889 3012 res
913 2948 1041 3013 venales
1064 2953 1136 3014 tuto
1160 2950 1218 3013 im-

209 3049 371 3110 rortentur
394 3048 426 3108 66
449 3049 660 3129 exportentur
686 3050 820 3129 propter
847 3046 1014 3111 commoda
1038 3069 1119 3131 quae
1142 3047 1217 3112 inde

209 3144 352 3208 eveniunt
380 3142 530 3207 omnibus
563 3143 757 3208 civitatibus.
802 3142 888 3208 Nam
920 3145 1156 3230 negotiationes
1185 3151 1217 3209 et

209 3263 311 3306 11111166
335 3244 421 3305 61666
445 3240 584 3305 dominis
608 3241 825 3305 emolumento
850 3246 977 3307 suntet
999 3242 1046 3306 161
1068 3241 1217 3327 publicae

209 3339 286 3423 isui,
318 3360 414 3423 quem
437 3360 496 3424 pro
526 3360 559 3402 66
587 3361 732 3423 quaeque
761 3338 873 3403 civitas
903 3343 934 3403 66
961 3339 1101 3425 populus
1124 3340 1217 3404 valde

209 3438 297 3523 rupit.
348 3436 518 3501 Praeterea
548 3437 650 3502 sciant
680 3458 792 3501 omncs
823 3459 892 3501 eam
926 3459 1007 3521 ram,
1042 3459 1122 3522 quac
1150 3459 1217 3502 non

210 3541 283 3600 aeta
307 3534 464 3600 toleratur
483 3539 515 3599 66
533 3535 676 3619 pervim
695 3536 873 3600 sustinetur
891 3539 924 3600 et
941 3540 1053 3601 contra
1072 3536 1216 3601 omnium

209 3634 416 3716 voluntatem,
443 3633 530 3698 haud
559 3633 652 3698 facile
682 3634 737 3699 diu
767 3634 930 3698 ferendam
958 3656 1035 3699 6666.
1080 3634 1216 3700 Perinde
