3000 4475
346 430 371 479 4.
391 423 439 478 DE
452 422 628 478 vnsmufls
646 421 857 478 DOCTRINAE}
877 421 1085 478 STOICORUM
1175 421 1218 486 55

196 575 342 636 laudibus
370 575 523 648 efferatur,
549 575 582 632 in
610 575 705 633 altero
730 574 786 647 38,
802 575 842 632 16
863 565 896 655 (7
913 573 980 632 adn.
998 578 1014 633 1
1032 565 1066 654 S)
1091 573 1127 631 de
1151 590 1218 632 con-

196 668 333 726 tinentia
355 664 531 737 disseratur,
559 666 663 723 auctor
684 663 737 722 ille
762 681 820 738 quo
846 682 913 723 usus
938 666 982 722 est
1004 663 1162 736 Antonius,
1185 667 1220 721 ut

196 756 324 816 omnino
351 755 452 830 aliquo
481 771 551 811 usus
579 754 628 825 sit,
655 752 730 811 duas
759 754 837 811 certe
865 755 950 812 novit
975 753 1112 825 virtutes,
1145 769 1218 827 quas

197 837 336 904 ueteres1
358 861 480 902 numero
499 845 642 918 quattuor
660 841 825 900 cardinales
845 859 907 901 esse
926 842 1092 901 volucrunt.
1134 840 1220 909 Quod

197 954 271 994 cum
302 934 347 991 ita
378 933 432 1005 sit,
464 931 591 990 Antonii
618 932 734 990 auctori
763 950 800 989 ne
827 931 958 1007 reliquas
992 930 1112 1006 quidem
1144 929 1219 988 duas

197 1024 322 1102 ignotas
344 1023 436 1080 fuisse
455 1039 615 1081 sumamus.
661 1019 740 1088 Quas
759 1020 886 1078 virtutes
905 1022 935 1078 et
954 1017 1048 1078 Stoici
1065 1019 1220 1093 docebant,

199 1131 272 1171 cum
300 1111 377 1170 Zeno
407 1103 436 1192 (I
463 1131 492 1168 n.
517 1111 581 1169 200
609 1101 711 1190 Arm),
743 1111 809 1168 tum
837 1107 1034 1184 Chrysippus,
1067 1110 1120 1183 qui
1146 1108 1221 1167 dicit

199 1201 250 1259 III
275 1202 338 1259 262
362 1200 448 1258 Arm:
482 1198 662 1280 φρόνησιν
698 1189 774 1257 εἶναι
806 1195 970 1275 ἐπιστήμην
1007 1189 1049 1256 ὧν
1081 1194 1219 1274 ποιητέον

201 1287 254 1350 παὶ
288 1288 323 1348 οὐ
354 1285 493 1365 ποιητέον
523 1285 573 1347 καὶ
603 1284 778 1368 οὐδετέρων·
812 1285 1052 1366 σωφροσύνην
1085 1279 1112 1345 d’
1145 1279 1220 1345 εἶναι

200 1377 369 1455 ἐπιστήμην
401 1377 523 1457 αἱρετῶν
554 1374 604 1436 καὶ
628 1385 764 1452 φευκτῶν
797 1374 846 1436 καὶ
869 1372 1044 1452 οὐδετέρων
1083 1375 1221 1434 δικαιο-

202 1467 320 1544 σύνην
356 1463 388 1526 δὲ
423 1464 587 1543 ἐπιστήμην
624 1463 846 1542 ἀπονεμητικήν
888 1473 940 1543 τῆς
976 1461 1060 1536 ἀξίας
1097 1461 1220 1547 ἑκάστω

202 1554 378 1634 ἀνδρείαν
406 1551 437 1615 δὲ
465 1553 630 1632 ἐπιστήμην
659 1556 765 1614 δεινῶν
792 1552 842 1613 τιυὶ
870 1552 907 1614 οὐ
935 1553 1041 1614 δεινῶν
1065 1551 1113 1612 καὶ
1137 1551 1221 1612 οὐδε-

202 1643 305 1724 τέρων.
356 1644 441 1704 Adde
474 1664 550 1721 quac
582 1644 642 1703 ibd.
668 1643 741 1703 263*
756 1663 819 1719 sqq.
847 1635 1012 1720 leguntur.2
1064 1642 1222 1702 Praeterea

204 1755 273 1795 cum
306 1734 387 1810 apud
419 1734 585 1793 Antonium
617 1751 669 1792 eae
701 1733 861 1808 praecipue
895 1733 1022 1792 virtutes
1054 1732 1222 1805 laudentur,

205 1825 313 1900 quibus
337 1825 466 1900 principi
489 1841 562 1898 opus
586 1825 635 1896 sit,
658 1825 841 1898 quaerimus,
869 1821 963 1881 Stoici
984 1841 1081 1880 nonne
1105 1820 1140 1880 de
1163 1823 1222 1880 vir-

203 1912 321 1974 tutibus
360 1932 436 1988 quae
472 1912 597 1972 deceant
632 1912 799 1987 principem
835 1911 1041 1988 cogitaverint.
1096 1912 1136 1969 Et
1173 1929 1222 1969 eos

203 2021 310 2062 revera
332 2001 368 2060 de
391 2003 502 2061 virtute
525 2019 602 2078 quae
625 2003 658 2058 in
680 1999 874 2078 gubernanda
895 2019 926 2057 re
950 1999 1070 2076 publica
1093 2001 1224 2058 cernitur

204 2092 381 2152 disseruisse
418 2092 606 2168 cognoscitur
642 2110 677 2148 ex
713 2089 867 2148 doctrinae
904 2108 1006 2148 eorum
1037 2090 1222 2166 fragmentis

204 2180 369 2258 Chrysippi
400 2181 480 2239 enim
507 2182 552 2240 est
580 2180 728 2239 sententia
757 2178 830 2236 haec
857 2177 986 2238 111267
1007 2177 1093 2238 Arn.:
1122 2178 1223 2257 βασι-

205 2273 286 2346 λική
325 2266 357 2329 δὲ
389 2266 523 2348 ἐμπειρία
555 2278 607 2329 τοῦ
638 2264 740 2348 ἄρχειν
772 2266 911 2344 πλήθους
942 2264 1163 2338 ἀνυπευθύνως
1193 2271 1224 2326 ct

210 2362 401 2437 potissimum
423 2356 587 2435 πολιτική
614 2354 645 2417 δὲ
668 2356 726 2429 ἕξις
748 2354 918 2434 θεωρητική
946 2352 966 2418 <
968 2354 1017 2415 καὶ
1044 2349 1224 2433 πριιιιτική)3

207 2458 266 2509 τῶν
290 2447 374 2507 πόλει
393 2439 628 2525 συμφερόντων.4
672 2446 826 2505 Addamus
845 2449 952 2505 testem
972 2444 1153 2520 Ciceronem,
1173 2446 1224 2522 qui

206 2539 244 2597 de
267 2539 344 2616 legg.
368 2537 415 2596 HI
440 2538 479 2595 13
505 2554 548 2612 sq.
595 2536 809 2595 Panaetium
832 2534 967 2594 Stoicum
990 2535 1110 2594 uberius
1134 2536 1170 2595 de
1193 2556 1224 2594 re

206 2627 336 2704 publica,
360 2626 395 2684 de
419 2625 644 2704 magistratibus
668 2626 807 2683 similiter
830 2626 925 2702 egisse
949 2616 1050 2683 dicit⁵

299 2716 364 2774 Iam
379 2715 418 2773 ad
431 2716 551 2793 singula
564 2717 759 2773 transeamus.
791 2712 827 2771 In
846 2714 934 2772 initio
948 2713 1113 2773 Antoniani
1130 2714 1225 2772 libelli

208 2807 243 2881 6,
260 2807 301 2864 24
312 2824 375 2880 sqq.
400 2796 470 2884 (16,
487 2806 529 2863 34
539 2823 602 2880 sqq.
623 2795 657 2884 S)
686 2804 722 2863 de
755 2803 873 2861 iustitia
899 2802 995 2861 multa
1022 2803 1113 2861 verba
1140 2803 1224 2861 fiunt.

208 2893 365 2964 Quomodo
401 2894 456 2951 illa
493 2912 511 2951 a
548 2892 656 2952 Stoicis
693 2891 816 2951 definita
852 2893 907 2966 sit,
944 2910 1035 2968 supra
1071 2892 1225 2968 exscripsi:

210 2982 405 3059 δικαιοσύνην
441 2979 606 3059 ἐπιστήμην
647 2978 869 3058 ἀπονεμητιιιήν
905 2988 957 3057 τῆς
993 2978 1077 3053 ἀξίως
1114 2978 1224 3064 ἑκάστῳ

208 3091 273 3133 esse
305 3063 480 3147 putabant⁶
524 3071 614 3130 Hisce
646 3089 714 3129 oum
740 3069 839 3129 verbis
872 3071 1005 3129 conferas
1033 3069 1159 3129 Antonii
1191 3090 1226 3129 ex

302 3226 327 3292 1)
345 3222 414 3276 inde
429 3238 446 3275 a
457 3221 571 3276 Socrate
580 3223 613 3274 ut
622 3222 740 3287 videtur,
752 3221 843 3275 Zellcr
852 3222 1009 3277 Phileadcr
1020 3222 1151 3277 &recten
1161 3222 1186 3274 Π
1198 3222 1226 3274 1⁴

209 3314 238 3365 p.
251 3300 310 3349 145.
379 3298 406 3363 2)
420 3294 503 3363 Diog.
513 3293 604 3347 Lacrt.
611 3293 662 3347 VH
676 3299 723 3361 923
743 3292 834 3347 Zeller
846 3292 885 3345 111
896 3293 925 3346 1³
938 3312 966 3363 p.
977 3298 1094 3363 239sqq.
1123 3293 1226 3347 Nostra

210 3367 303 3436 magis
322 3366 440 3420 interest
458 3365 648 3419 demonstrare
663 3365 776 3419 omnino
791 3364 899 3419 Stoicos
913 3363 984 3418 talia
999 3364 1127 3420 docuisse
1142 3382 1227 3433 quam

211 3436 339 3508 singulos
359 3437 562 3491 sententiarum
585 3436 713 3491 auctores
736 3435 905 3490 nominatim
927 3434 1058 3504 proferre.
1133 3440 1159 3506 3)
1179 3437 1227 3490 καὶ

209 3507 350 3576 πρακτικὴ
375 3508 439 3563 add.
464 3507 647 3562 Schuchardt.
736 3511 763 3577 4)
787 3507 868 3561 Adde
886 3505 1024 3561 Zallerum
1042 3508 1081 3561 ΠΙ
1099 3513 1226 3576 611sqq,

210 3578 896 3718 ωυοωοωιιοπου
917 3579 1058 3704 ουν
1071 3579 1225 3719 νοω

211 3721 318 3778 hoeffer
335 3722 423 3776 narr
440 3722 487 3777 des
505 3669 632 3777 Stoikcrsy
641 3724 753 3793 Epictct
771 3740 798 3791 p.
814 3667 928 3789 ποσή),
953 3668 1146 3775 118ᾚΞ1Μ4.

212 3792 627 3864 &mmmmm
