3000 4475
240 441 282 507 88
543 442 640 496 0οι0
658 442 707 495 00
725 420 945 496 vmrurmos
993 523 997 532 Ι

307 626 310 630 ·
399 593 538 668 viderint,
562 613 637 669 quac
656 595 832 669 acceperint,
857 612 932 669 quae
956 595 1170 673 expenderint,
1195 614 1257 673 quae

334 734 337 739 .
399 682 547 757 babeant3=
572 681 624 742 sed
646 701 714 741 cum
736 685 867 742 rationes
895 683 1084 758 postulaturi
1113 686 1191 761 sint,
1218 703 1257 744 cos

399 772 570 832 inhonestos
594 789 657 831 esse
681 772 803 831 dicetur.
851 771 937 842 Quod
961 791 996 830 eo
1020 772 1079 848 fit,
1101 775 1188 851 quod
1208 793 1257 833 non

399 863 460 920 iam
483 863 607 920 suntin
631 861 754 919 civitate
776 861 849 920 iusti
872 864 902 920 et
924 862 1103 923 innocentes
1127 864 1178 922 illi
1201 866 1256 938 riri,

400 949 566 1025 Fabricius,
595 948 752 1024 Camillus,
780 949 897 1009 Marcus
925 949 1075 1027 Regulus,
1110 955 1257 1028 praeterea

399 1038 661 1112 LuciusValerius,
676 1037 843 1113 Quinctius,
859 1038 1012 1098 Cornelius
1025 1039 1140 1118 ScipiO,
1157 1043 1255 1100 Brutus

316 1171 318 1174 -
401 1128 513 1203 aliique
526 1129 623 1187 multi.
657 1126 715 1196 Qui
729 1146 831 1188 omnes
846 1127 927 1187 domi
941 1129 1135 1205 militiaeque
1151 1148 1255 1190 summa

276 1256 290 1264 ι,
400 1218 497 1294 gloria
515 1217 654 1275 vixenmt
677 1220 707 1275 03
724 1220 882 1292 tantopere
906 1221 1041 1277 amantes
1062 1220 1255 1296 reipublicae

399 1306 549 1381 vivebant,
568 1308 652 1364 utin
670 1309 849 1382 paupertate
868 1306 969 1365 vivere
987 1311 1020 1366 et
1039 1310 1122 1367 mori
1141 1310 1255 1368 mallent
1285 1370 1290 1376 ,

401 1415 492 1470 quam
515 1396 727 1476 conscientiam
750 1413 836 1454 suam
858 1397 1025 1472 ignominia
1048 1399 1252 1456 contaminare.

401 1484 457 1543 Sed
482 1486 624 1561 quoniam
647 1484 704 1543 viri
727 1487 791 1542 tarn
814 1484 990 1543 excellentes
1014 1505 1096 1544 nunc
1119 1489 1197 1546 nulli
1216 1486 1253 1545 vel
1286 1562 1290 1569 ἱ

400 1576 542 1649 perpauci
570 1576 652 1647 sunt,
685 1591 748 1647 eos,
782 1575 833 1648 qui
861 1573 908 1632 his
936 1575 1019 1632 vitiis
1049 1577 1159 1634 infecti
1186 1578 1252 1647 sunt,

400 1662 521 1721 difficile
545 1665 591 1721 est
614 1662 806 1737 compellare,
820 1663 893 1721 ‘nisi
917 1681 952 1720 ea
975 1664 1041 1721 sola
1068 1667 1202 1740 ratione,
1225 1666 1253 1722 ut

337 1820 342 1827 ἱ
401 1770 450 1810 eos
469 1751 645 1826 adhorteris,
664 1754 699 1809 ut
717 1753 803 1810 avari
821 1752 882 1811 sint
900 1753 932 1810 in
950 1755 1089 1828 expensis
1110 1754 1252 1814 dissolutis

401 1845 431 1899 03
453 1843 575 1915 insanis,
599 1843 629 1898 et
651 1839 771 1917 prodigi
793 1842 826 1898 in
848 1840 938 1899 rebus
961 1845 1141 1902 necessariis
1165 1848 1194 1902 03
1213 1861 1251 1900 ra-

400 1932 477 1988 tioni
500 1928 758 2002 convenientibus,
783 1933 813 1988 et
834 1933 871 1988 ut
893 1928 1036 1989 studeant
1058 1931 1152 1992 rebus
1175 1934 1251 1991 hone

401 2021 476 2092 stis,
487 2019 606 2096 fugiant
629 2022 729 2077 antem
752 2037 831 2077 vana
854 2022 885 2077 et
906 2021 1016 2093 turpia

313 2152 414 2206 Anton
431 2158 474 2219 28,
484 2157 603 2219 20-32;
619 2158 662 2219 30,
674 2159 746 2207 13-
754 2159 797 2220 32,
809 2158 841 2206 13
853 2157 906 2221 (24
917 2158 1037 2220 2;3-30
1053 2159 1171 2222 23,3-
1183 2153 1252 2221 298)

242 2221 319 2287 Quae
338 2229 381 2292 28,
396 2230 475 2278 32-
485 2229 528 2291 30,
545 2230 577 2279 13
593 2227 647 2294 (24,
662 2229 740 2279 30-
752 2231 786 2280 23
788 2224 862 2295 ,23)
882 2223 1024 2292 dicuntur,
1030 2195 1190 2281 Ciceronis
1207 2232 1255 2283 non

241 2311 301 2348 esse
320 2268 459 2363 existimo,
478 2297 553 2364 quod
571 2296 708 2350 nonnulla
726 2297 843 2352 Antonii
862 2296 952 2350 aetati
970 2312 1017 2349 ma
1051 2315 1064 2351 s
1085 2299 1253 2363 conveniunt,

240 2368 273 2420 ut
287 2372 330 2435 30,
341 2372 357 2419 4
373 2370 430 2436 (24,
440 2373 474 2420 32
486 2368 513 2436 S)
528 2385 639 2436 reparer
653 2369 725 2422 leurs
739 2371 868 2434 ιιιιιιεοιιι,
883 2369 1054 2450 epliseomr
1018 2297 1077 2421 iii
1068 2368 1155 2424 initio
1171 2373 1217 2425 aut
1218 2386 1253 2424 en

240 2437 325 2492 huius
335 2438 437 2506 capitis
448 2439 605 2493 sententiae
615 2437 837 2494 Ciceronianae
829 2456 920 2493 messe
934 2438 1076 2505 videntur,
1092 2457 1253 2511 quamquam

242 2507 338 2563 Cicero
353 2512 418 2563 0003
419 2526 450 2563 or
464 2510 601 2578 expressis
617 2510 708 2565 verbis
722 2528 779 2565 non
793 2510 934 2574 laudatur,
951 2510 1019 2578 quia
1035 2482 1122 2566 aliter
1136 2530 1170 2566 ea
1171 2526 1255 2581 ,qnae

242 2569 276 2632 30
278 2587 400 2649 ,.13000
416 2584 470 2650 (23,
481 2586 567 2650 3sqq
579 2580 607 2650 S)
627 2584 725 2635 contra
745 2579 889 2649 dicuntur,
909 2553 1039 2651 intellegi
1059 2600 1117 2637 non
1136 2586 1253 2664 possunt.

241 2650 371 2721 Denique
388 2651 472 2705 huius
496 2652 598 2721 capitis
622 2653 685 2707 finis
704 2659 747 2721 32,
764 2658 869 2706 13-24
888 2655 942 2735 (23,
957 2657 1036 2706 30-
1048 2658 1082 2708 30
1100 2654 1129 2725 S)
1150 2653 1255 2710 Antoni

242 2725 293 2788 est,
312 2723 362 2792 qui
380 2722 483 2778 iterum
497 2722 695 2793 complectitur
709 2697 833 2779 auctoris
853 2724 896 2778 sni
916 2724 1136 2780 sententias—
1156 2727 1256 2782 Iam
1230 2743 1245 2778 0

242 2794 355 2864 singula
377 2795 544 2864 tangamus,
571 2795 728 2864 legimue'
719 2814 750 2851 m
777 2796 873 2850 initio:
907 2811 998 2850 munes
1020 2804 1130 2853 catana
1152 2800 1256 2853 Ῐιοιιοιιι

241 2869 366 2934 cupiunt
405 2865 456 2919 Cui
480 2866 637 2921 sententiae
660 2867 762 2921 similis
786 2870 828 2921 est
816 2867 924 2921 tlocus
944 2867 978 2920 de
998 2865 1044 2920 off.
1059 2867 1133 2938 124,
1152 2870 1203 2924 nbi
1223 2870 1256 2922 lo

242 2938 347 3006 gimns:
377 2940 536 2992 Maximam
559 2946 650 2994 ιιιιιιιιι
668 2946 778 3007 partem
802 2940 839 2993 nd
862 2939 998 2992 iniuriam
1025 2913 1188 3006 faciendam
1215 2940 1256 2995 adr

241 3010 414 3079 predicatur,
432 3016 465 3063 ut
482 3010 640 3093 adipiscent
641 3028 675 3064 ιιι
697 3027 729 3064 ca
748 3027 818 3079 quoe
841 3012 1064 3078 concupiverunt
1103 3011 1142 3066 Et
1166 3010 1257 3095 quodsi

241 3081 310 3135 iusti
334 3083 363 3135 03
385 3080 548 3136 innocentes
573 3081 626 3135 viri
652 3080 818 3144 laudantur,
848 3080 975 3135 conferas
1002 3081 1037 3134 de
1064 3097 1095 3136 re
1121 3102 1150 3153 p.
1168 3083 1225 3138 V
1217 3102 1256 3147 m,

242 3170 269 3221 p
286 3152 439 3206 30133.-
458 3152 500 3206 De
519 3152 679 3206 nominibus
699 3124 834 3206 Romanis
854 3152 912 3205 driu
930 3169 959 3221 p
975 3158 1017 3205 32

731 3482 770 3539 16

470 3623 579 3685 Omnes
593 3624 743 3703 principes
764 3627 794 3682 et
812 3644 874 3683 rem
893 3622 1044 3699 publicam
1063 3626 1259 3703 gubernantes

402 3719 529 3793 possunt
553 3718 583 3774 et
606 3713 714 3773 debent
737 3716 816 3773 cives
836 3731 904 3773 suos
923 3713 1053 3791 adigere,
1077 3718 1113 3775 ut
1136 3716 1211 3795 ipsis
1230 3733 1260 3775 ex

403 3807 531 3883 pecnnia
559 3819 614 3865 sua
641 3822 676 3862 ea
703 3802 849 3879 pendant,
882 3820 958 3878 quae
985 3805 1051 3862 iure
1068 3807 1160 3865 ¹iussi
1187 3808 1260 3867 sunt.

898 4106 923 4159 Q
