3000 4475
241 427 284 494 86
548 425 646 480 LIBRd
663 425 711 479 DE
730 423 948 480 VIRTUTIBUS

240 587 305 625 cum
323 586 356 625 1ο
375 570 450 638 quod
469 568 721 639 praecedentius
740 568 881 636 cohaeret,
900 570 1006 634 tumen,
1026 565 1258 636 quandoquidem

239 642 314 696 inter
332 642 402 696 dues
420 640 472 696 hes
496 643 590 710 portes
610 638 735 709 suppleri
754 641 784 695 et
801 637 888 694 inseri
907 638 1047 709 quasdam
1071 639 1208 708 possent,
1230 653 1258 690 11

240 713 349 768 duobus
367 711 534 783 fragmentis
552 728 640 765 unum
659 710 770 766 efficere
789 709 925 764 dubitavi.

729 970 769 1028 14

466 1113 512 1172 Μ.
538 1111 670 1188 Principi
689 1111 772 1171 omni
789 1129 861 1170 curs
879 1114 909 1169 et
922 1109 1082 1188 diligentia
1101 1108 1257 1186 provides·

399 1202 471 1261 dum
489 1204 544 1276 est,
566 1204 601 1260 ut
615 1200 747 1259 omnium
764 1218 866 1259 earum
879 1219 987 1275 rerum,
1006 1217 1084 1274 ques
1100 1198 1140 1256 ed
1160 1198 1256 1257 viven-

399 1290 470 1349 dum
493 1292 675 1350 necessariae
699 1293 776 1365 sunt,
800 1288 886 1365 copis
910 1287 1025 1348 civitati
1048 1291 1204 1364 suppetet

457 1379 494 1437 A.
532 1379 574 1438 At
597 1379 650 1454 qui
672 1377 738 1437 fieri
760 1381 873 1454 potest,
901 1381 936 1436 ut
959 1378 997 1453 is,
1026 1375 1079 1451 qui
1103 1377 1256 1454 gubernet

399 1468 614 1527 abundantium
631 1469 737 1526 herum
757 1486 856 1526 rerum
873 1465 1024 1543 praebeat,
1048 1483 1117 1525 oum
1137 1465 1259 1524 deorum

399 1558 439 1617 sit
457 1558 513 1617 hoe
530 1558 693 1634 impertire,
713 1559 819 1632 utpote
838 1557 890 1631 qui
908 1553 1099 1614 moderentur
1117 1554 1254 1631 tempori·

398 1646 453 1706 bus
478 1646 556 1723 anni,
579 1645 657 1705 unde
681 1646 781 1724 fruges
799 1648 896 1703 terrae
916 1648 946 1703 et
968 1661 1177 1720 quaecumque
1200 1643 1254 1703 1111

398 1738 563 1794 necessaria
587 1738 657 1794 sunt
679 1734 765 1794 nobis
788 1731 970 1793 obveniunt?

457 1826 502 1883 M.
538 1825 633 1883 Nemo
657 1823 778 1899 estqui
800 1823 915 1882 nesciet
936 1823 1086 1899 principes
1111 1841 1173 1882 non
1197 1839 1252 1881 esse

398 1913 477 1973 deos.
515 1912 573 1972 Sed
596 1915 745 1989 principes
765 1912 808 1971 ita
826 1931 928 1990 regere
952 1911 1045 1986 decet,
1069 1913 1106 1970 ut
1123 1911 1163 1970 iis
1186 1912 1252 1969 insit

398 2021 514 2061 summe
532 2002 693 2078 prudentie
712 2004 741 2061 et
760 2002 856 2061 omnis
875 2000 1033 2079 diligentis
1056 1998 1251 2076 prospiciendi

399 2110 541 2150 annonae.
588 2090 685 2160 Quare
713 2089 870 2149 eonsilium
896 2109 995 2148 meum
1023 2092 1081 2163 est,
1114 2093 1149 2147 ut
1178 2089 1252 2148 omni

397 2183 531 2257 tempore
553 2181 735 2240 frumentum
758 2183 788 2239 et
810 2180 942 2256 reliquae
965 2196 1011 2238 res
1035 2178 1074 2236 ed
1096 2178 1251 2239 vivendum

397 2272 580 2329 necessariae
612 2271 803 2329 conferantur
834 2271 864 2328 et
894 2268 1124 2346 diligentissime
1156 2286 1251 2328 recou-

398 2358 507 2418 dsntur
530 2362 620 2435 atque
643 2361 862 2418 conserventur.
908 2358 1012 2434 Neque
1038 2357 1119 2415 enim
1146 2377 1183 2416 11
1207 2356 1250 2417 ab·

396 2447 543 2506 undantia
560 2447 605 2506 rei
628 2448 842 2508 frum0ntsrise
865 2447 928 2505 ulls
952 2446 1048 2505 sdhuc
1070 2464 1118 2505 res
1137 2447 1251 2522 publice

396 2538 513 2595 minute
536 2537 643 2596 autin
666 2536 831 2612 perieulum
854 2535 984 2594 adducta
1002 2537 1056 2609 est,
1080 2534 1132 2594 sed
1154 2535 1252 2611 inopis

396 2628 441 2684 rei
471 2625 684 2685 frumentariae
716 2628 747 2684 et
776 2643 911 2683 cnnonse
939 2623 1116 2683 difficultate
1144 2626 1251 2683 multae

397 2714 534 2774 civitates
548 2714 580 2772 in
593 2733 703 2791 magno
721 2714 855 2790 periculo
869 2716 963 2789 erent,
982 2714 1143 2772 nonnullae
1162 2714 1251 2790 perio-

396 2807 474 2862 11111.
508 2802 566 2863 Sed
576 2805 700 2863 exsistet
713 2803 850 2879 princeps
866 2804 919 2880 qui
932 2802 1027 2862 diost:
1042 2820 1145 2862 omnes
1159 2804 1252 2862 sciunt

395 2913 443 2952 me
470 2912 531 2953 non
558 2912 621 2952 esse
649 2893 749 2967 deum,
779 2892 831 2968 qui
859 2891 1015 2952 constituit
1042 2893 1180 2968 tempore
1203 2909 1251 2950 sus

395 2982 565 3057 voluntctc3
588 2986 619 3041 et
638 2981 757 3040 etiamsi
779 2980 894 3055 aliquid
917 2980 990 3039 meli
1007 2980 1161 3054 acciderit,
1184 2978 1253 3056 quid

306 3104 309 3110 ·
395 3071 470 3129 mihi
497 3069 653 3149 obtinget?
699 3070 765 3149 Ego
794 3070 914 3146 quidem
941 3070 1020 3129 fame
1047 3088 1108 3128 non
1135 3069 1253 3141 11111111,

394 3160 451 3220 hoc
473 3179 528 3236 pro
547 3162 628 3220 certo
645 3158 750 3218 habeo.
786 3158 865 3218 Huic
884 3176 939 3237 ego
957 3158 1135 3235 respondeo:
1159 3177 1252 3235 neque

395 3269 451 3327 ego
480 3250 647 3326 principem
675 3248 758 3306 fama
788 3247 839 3307 siti
870 3247 981 3326 frigore
1016 3250 1101 3306 aestu
1132 3248 1252 3308 interire

395 3356 512 3398 necesse
536 3356 599 3398 esse
622 3336 701 3410 dice,
730 3335 782 3395 sed
805 3338 833 3395 ei
855 3337 932 3396 tulis
955 3340 1009 3395 sut
1036 3337 1130 3395 etism
1152 3339 1252 3414 peiore

270 3464 272 3467 >
395 3427 512 3487 evenire
534 3443 620 3503 posse
640 3425 795 3501 contendo,
819 3443 887 3484 oum
906 3430 983 3485 certe
1003 3425 1079 3484 nihil
1102 3428 1152 3503 sit,
1176 3424 1253 3503 quod

394 3519 550 3592 tantopere
572 3514 738 3574 timendum
762 3515 801 3574 sit
824 3514 953 3591 principi
971 3534 1062 3589 quem
1085 3515 1180 3576 fames
1203 3535 1253 3594 po·

394 3604 468 3682 puli.
513 3604 591 3663 Nem
615 3606 647 3662 in
669 3604 783 3680 populo
811 3605 890 3663 fame
919 3607 1021 3663 erecto
1052 3604 1129 3662 nihil
1152 3606 1252 3664 velent

395 3693 553 3754 consilium
572 3712 656 3753 amor
674 3694 771 3770 pietas
791 3691 925 3769 probitas
943 3710 1044 3769 preces
1063 3691 1136 3754 fides
1155 3697 1252 3753 minse

395 3802 491 3859 neque
507 3782 590 3841 eliud
604 3784 765 3858 quicquum
779 3780 879 3842 officii.
918 3780 1008 3841 Cuius
1022 3781 1067 3841 rei
1080 3784 1251 3844 testimonio
