3000 4475
601 459 698 513 LIBRI
716 459 765 513 DE
784 459 1001 515 VIRTUTIBUS

783 650 823 706 12

521 771 660 831 Omnium
685 791 761 849 qnae
785 774 905 831 omnino
924 776 994 832 sunt
1014 773 1219 848 periculorum
1239 777 1308 832 certe

453 881 489 920 ea
521 880 616 937 neque
648 860 850 921 obliviscenda
886 881 981 938 neque
1016 863 1205 940 neglegenda
1238 866 1306 935 suni,

455 969 531 1026 quae
564 968 652 1027 saepe
685 953 716 1009 et
746 952 903 1027 permultis
936 951 1120 1027 principibus
1155 952 1307 1011 civitatum

452 1040 634 1115 inciderimt,
661 1038 742 1115 quod
764 1040 853 1099 nimis
876 1040 1094 1100 inconsiderate
1122 1041 1239 1117 populo
1262 1059 1307 1100 suo

451 1128 601 1188 tributum
627 1129 841 1205 imposuerunt.
887 1129 966 1188 Nam
993 1129 1121 1207 populus
1150 1149 1185 1188 ee
1215 1129 1306 1190 eondi-

452 1218 535 1277 tione
559 1221 612 1292 est,
635 1221 669 1276 ut
691 1218 815 1292 tributa,
837 1219 886 1277 vel
909 1221 936 1278 si
957 1219 1124 1278 necessaria
1144 1222 1224 1294 sunt,
1248 1237 1306 1298 gia-

452 1309 531 1367 viter
557 1308 643 1367 ferat.
689 1307 873 1368 Testimonio
901 1311 1002 1367 autem
1030 1308 1210 1382 afferantur,
1238 1327 1305 1384 quae

452 1395 595 1456 Marcello
619 1400 649 1455 et
667 1396 790 1455 Valerio
813 1396 958 1472 Laevino,
987 1416 1053 1456 eum
1081 1397 1112 1454 in
1137 1416 1169 1455 re
1193 1397 1305 1473 publica

453 1485 690 1544 administranda
718 1486 870 1561 florerent,
904 1484 984 1562 quod
1010 1489 1139 1544 nimium
1166 1486 1305 1546 tributum

452 1575 563 1651 populo
598 1575 750 1651 imponere
782 1575 907 1649 vellent,
944 1574 1115 1635 occiderint.
1172 1576 1214 1635 nt
1246 1594 1305 1634 cum

453 1663 632 1739 Torquatus,
655 1666 689 1723 ut
712 1663 881 1741 Scipionem
903 1663 936 1723 in
954 1664 1089 1724 Africam
1110 1667 1303 1744 transgressu-

452 1772 519 1811 rum
543 1753 711 1828 adiuvaret,
740 1753 873 1813 subsidia
899 1754 1011 1830 populo
1038 1755 1216 1830 imperaret,
1243 1755 1304 1813 licet

452 1841 508 1900 hoc
526 1860 580 1917 pro
599 1845 749 1901 communi
763 1844 859 1902 salute
872 1845 988 1903 iussum
1002 1845 1088 1918 esset,
1111 1842 1149 1902 ob
1168 1843 1201 1901 id
1219 1862 1303 1921 popu·

452 1930 499 1989 lus
518 1950 585 1989 eum
602 1933 635 1989 in
651 1930 800 2007 Capitolio
818 1952 872 2008 per
885 1931 994 2010 viginti
1013 1934 1159 2007 quattuor
1181 1933 1244 1992 dies
1261 1931 1303 1992 ot

452 2019 531 2078 sedit
553 2023 583 2079 et
607 2021 838 2097 comprehendit.

363 2155 466 2208 Anton.
491 2159 538 2218 20,
558 2159 636 2208 21-
647 2160 694 2220 22,
714 2160 808 2224 2(21,
824 2160 903 2208 26-
914 2161 947 2209 35
963 2156 1000 2226 S).
1037 2155 1196 2210 Enuntiate
1219 2159 1304 2210 eutem

292 2242 365 2295 quae
379 2224 512 2297 legantur
526 2231 569 2294 22,
580 2231 649 2279 2-’1
665 2228 719 2296 (21,
730 2232 804 2281 35-
810 2233 843 2281 22
846 2226 919 2297 ,48)
934 2246 1106 2297 quamquem
1119 2227 1239 2284 Antonii
1252 2243 1303 2283 esse

292 2298 415 2352 arbitror
432 2300 548 2367 propter
565 2314 647 2352 voces
666 2315 732 2368 pene
755 2306 781 2354 et
802 2272 921 2367 efficiere
944 2302 972 2353 et
996 2300 1055 2355 leur
1077 2302 1207 2383 aequem
1225 2302 1262 2356 lec
1277 2316 1304 2355 ec

292 2370 353 2452 deit
365 2370 474 2452 garder,
484 2370 706 2437 quaereoentius
715 2371 811 2439 potius
821 2387 920 2424 aevum
934 2371 1056 2440 resipere
1066 2370 1208 2440 videntur,
1219 2374 1303 2425 tamen

292 2441 316 2494 si
341 2458 404 2565 quis
428 2440 571 2565 etiffi·
537 2440 811 2566 illamBApententiam
835 2441 1045 2497 Ciceronianam
1068 2458 1132 2498 esee
1158 2417 1303 2527 contendit,

292 2528 356 2565 cum
394 2527 410 2567 e
448 2529 467 2564 u
510 2513 587 2566 canis
650 2529 741 2566 mame
760 2530 856 2567 eorum
876 2531 911 2569 ue
934 2515 964 2567 in
987 2514 1077 2568 socios
1101 2513 1216 2570 iniuriis
1239 2532 1269 2569 co

291 2584 347 2636 tari
365 2530 464 2652 possit,
483 2584 509 2637 ei
527 2600 584 2636 non
599 2584 779 2639 vehementer
796 2532 984 2655 repriqgno.—
1003 2584 1044 2640 De
1063 2585 1228 2641 nominibus
1242 2515 1305 2640 virgi·

291 2672 354 2707 rum
372 2654 562 2708 Romanorum
580 2670 652 2722 quae
671 2655 717 2709 hic
736 2654 888 2711 laudentur
907 2673 1036 2725 suprap.
1056 2661 1091 2711 46
1102 2674 1165 2725 sqq
1185 2658 1303 2728 pluribus

291 2725 383 2779 verbis
403 2726 519 2795 egimus

783 2898 822 2954 13

518 3021 550 3078 Ii
577 3023 628 3093 qui
654 3040 701 3081 res
722 3020 860 3095 publicos
888 3022 1110 3092 administrant,
1132 3027 1304 3101 priusquam

453 3110 591 3168 tribatwm
614 3113 775 3184 imponant,
798 3128 865 3171 cum
881 3112 992 3185 popolo
1010 3111 1042 3170 id
1061 3112 1224 3175 liberaliter
1241 3131 1305 3173 com·

450 3201 602 3258 manicare
628 3200 741 3267 debent,
772 3204 805 3258 ct
831 3217 929 3260 maces
955 3196 1125 3274 intelleyoat
1150 3203 1306 3264 mrcatori

452 3304 512 3346 esse
529 3290 706 3361 porcarium.

518 3377 556 3436 A.
598 3379 640 3435 At
668 3378 748 3436 enim
776 3379 828 3453 qui
856 3380 995 3437 convenit
1022 3398 1090 3438 eum
1119 3382 1174 3457 qui
1196 3384 1307 3461 praeest

452 3465 495 3524 rei
513 3466 659 3542 publicae,
677 3466 856 3544 ubicumque
874 3466 1006 3527 subsidia
1021 3471 1073 3526 aut
1092 3472 1209 3531 auxilia
1227 3492 1246 3532 a
1262 3491 1308 3549 po·

452 3555 524 3630 pulo
542 3559 641 3632 petere
660 3556 735 3629 vult,
760 3557 787 3614 ei
805 3557 991 3616 voluntatem
1014 3575 1100 3617 suam
1124 3558 1308 3640 significare?

453 3662 523 3723 ergo
546 3665 606 3703 non
630 3649 674 3704 est
697 3647 848 3721 princeps3
872 3653 946 3705 nam'
964 3647 990 3705 is
1009 3649 1062 3722 qui
1086 3648 1240 3725 gubernat
1260 3653 1309 3710 im·

452 3752 556 3809 perare
579 3738 658 3794 certe
685 3738 785 3809 potest
812 3754 846 3794 ec
875 3736 1028 3811 postulare
1058 3736 1163 3816 debet,
1194 3746 1230 3801 ut
1259 3740 1309 3801 sibi

452 3822 613 3898 pareatur?
