3000 4475
613 429 667 482 LA
687 429 855 483 SALADE
1202 428 1246 492 25

221 576 411 660 principum
434 574 557 640 reditus
580 596 647 640 non
667 597 779 640 omnes
803 575 881 640 satis
904 575 1014 661 magni
1037 579 1113 640 sunt
1136 576 1187 639 vel
1205 575 1246 639 ed

223 673 365 760 grandes
387 676 545 757 sumptus,
568 693 649 756 quos
673 695 768 758 saepe
791 673 840 738 illi
860 677 1039 738 sustentare
1058 673 1177 738 debent
1194 675 1248 738 vel

224 773 267 836 ad
296 793 347 837 res
374 772 528 855 quasdam
556 772 695 857 agendas
722 775 760 853 ut
789 771 828 836 ad
857 771 943 836 bella
970 772 1168 837 defendenda
1195 771 1247 835 vel

224 868 292 934 alia
314 871 494 935 necessaria
514 870 648 955 negotia
670 869 881 954 exsequenda,
907 891 988 953 quae
1012 890 1140 953 semper
1160 870 1247 953 prin-

226 967 353 1053 cipibus
377 967 589 1033 ooourruntl'
634 966 721 1033 Huio
743 967 878 1032 Tullus
904 967 1076 1050 respondet
1099 970 1131 1033 et
1154 967 1246 1031 dioit:

226 1065 398 1131 ‘Indioetis
426 1066 529 1130 amioe
552 1066 673 1150 populo
697 1070 805 1130 vestro
828 1087 879 1130 res
901 1066 1106 1148 necessarias,
1129 1069 1161 1129 et
1183 1065 1246 1129 nisi

221 1186 282 1229 vos
313 1162 514 1228 adiuvabant
544 1163 583 1228 de
613 1186 671 1228 sua
701 1167 851 1249 pecunia,
883 1167 991 1228 tamen
1024 1162 1062 1228 de
1095 1163 1247 1248 vectigali

221 1262 380 1346 imposito
411 1262 561 1326 omnibus
594 1261 640 1326 eis
670 1261 781 1346 rebus,
815 1283 895 1346 quae
930 1260 1117 1348 negotiandi
1152 1282 1248 1325 eausa

222 1361 446 1445 importantur
464 1364 496 1425 et
515 1363 734 1445 exportantur,
753 1365 786 1425 et
804 1363 841 1424 ut
860 1363 935 1424 suut
954 1360 1100 1423 homines
1119 1357 1248 1446 legibus

223 1459 487 1543 obtemperantes
506 1463 538 1522 et
556 1459 730 1542 prudentes
749 1459 783 1523 id
801 1458 919 1522 facient
936 1457 1085 1540 libenter,
1108 1457 1135 1521 si
1158 1457 1247 1540 prin-

224 1557 316 1640 cipes
338 1577 415 1642 erga
437 1577 493 1620 eos
516 1555 593 1620 boni
618 1561 712 1621 erunt
730 1560 762 1620 et
782 1578 835 1621 eos
854 1557 888 1620 in
907 1556 1053 1620 custodia
1071 1559 1103 1619 et
1121 1555 1246 1620 iustitia

227 1653 462 1718 continebunt!
498 1652 583 1718 Nam
604 1653 668 1719 hoo
690 1676 749 1738 pro
773 1653 875 1718 nihilo
896 1653 1025 1736 ducunt,
1049 1653 1125 1716 dum
1148 1674 1188 1717 ne
1208 1653 1249 1717 de

227 1773 287 1815 sua
304 1751 438 1835 pecunia
456 1752 608 1836 pendant,
626 1754 717 1817 ouius
731 1752 839 1817 varios
854 1755 987 1836 questus
1007 1751 1109 1816 edent.
1137 1751 1247 1815 Etiam

224 1871 381 1935 magnum
405 1854 574 1933 quaestum
598 1851 703 1916 faeere
726 1854 894 1935 poterunt,
924 1872 997 1915 oum
1024 1849 1165 1933 puniunt
1192 1871 1246 1914 eos

223 1947 283 2032 qui
307 1947 358 2012 ius
380 1946 587 2032 violaverint,
614 1949 776 2013 intuentes
803 1949 907 2012 multa
929 1948 993 2012 alia
1020 1969 1137 2033 magna
1164 1948 1248 2032 peri·

222 2045 313 2128 cula,
350 2068 431 2129 quae
468 2068 563 2131 saepe
596 2047 750 2113 accidisse
787 2047 890 2112 multa
922 2047 1043 2131 scripta
1078 2048 1249 2110 testantur.

221 2144 337 2227 Atque
360 2143 413 2208 hio
437 2146 533 2208 finem
557 2145 674 2209 faeiem
697 2144 803 2228 quinti
826 2145 890 2208 mei
914 2145 1007 2231 grani
1030 2143 1170 2208 seminis.

317 2338 422 2425 Caput
452 2346 577 2407 sextum
607 2342 754 2426 loquitur
785 2342 823 2406 de
853 2345 943 2405 sexto
975 2339 1105 2406 seminis
1135 2361 1249 2426 grano,

224 2437 316 2522 quod
339 2441 389 2502 est
412 2436 450 2502 de
473 2437 672 2503 abundantia
695 2443 726 2504 et
750 2440 788 2503 de
811 2440 922 2524 inopia
945 2438 990 2504 rei
1009 2438 1249 2521 frumentariae,

226 2536 266 2599 de
290 2535 463 2600 securitate
487 2541 519 2600 61
541 2538 693 2621 perieulis
718 2560 799 2622 quae
823 2538 897 2602 inde
919 2541 1104 2603 naseuntur.

316 2632 365 2697 Re
389 2655 464 2698 vera
491 2655 556 2699 non
584 2635 800 2701 omittendum
828 2640 877 2701 est
904 2636 1057 2699 disserere
1087 2635 1125 2698 de
1152 2633 1249 2698 bonis

227 2752 310 2815 quae
332 2752 393 2796 nos
416 2731 451 2796 in
474 2733 541 2796 vita
564 2737 747 2799 sustentant
771 2737 803 2798 et
826 2735 864 2798 de
888 2733 982 2796 malis
1007 2754 1073 2797 non
1097 2731 1249 2796 sanabili-

226 2830 288 2895 bus
308 2843 390 2913 quae
413 2828 478 2893 11111
502 2829 600 2895 rebus
618 2832 774 2917 neglectis
794 2852 889 2915 saepe
903 2830 1094 2894 assiderunt.
1132 2828 1249 2914 Itaque

223 2925 363 2991 Tullus
382 2927 461 2992 dioit
478 2928 657 3013 prinoipem
681 2929 770 2993 omni
794 2951 871 2994 oura
894 2933 927 2993 61
950 2927 1118 3014 diligentia
1141 2929 1248 3011 provi-

224 3024 302 3089 dere
326 3024 453 3108 debere,
482 3028 520 3089 ut
541 3029 681 3111 populus
705 3026 786 3091 bene
815 3029 946 3091 ornatus
975 3025 1018 3089 sit
1046 3025 1134 3091 omni
1156 3026 1247 3090 viotu

224 3126 258 3186 et
287 3120 361 3187 aliis
387 3122 484 3187 rebus
512 3124 690 3190 conditioni
716 3126 877 3189 humanae
903 3124 1100 3189 necessariis.
1145 3122 1190 3187 Et
1219 3124 1246 3186 si

225 3221 302 3304 quis
336 3221 434 3287 dieat:
476 3221 555 3299 ‘Qui
590 3224 661 3287 fieri
695 3227 804 3307 potest
841 3225 878 3287 ut
909 3222 1059 3286 dominus
1094 3221 1249 3306 praebeat

224 3316 458 3382 abundantiam
481 3320 587 3385 vietus
611 3320 810 3405 aliarumque
833 3342 939 3385 rerum
964 3341 1045 3403 quae
1070 3318 1248 3384 conditioni

223 3418 388 3481 humanae
410 3418 606 3483 necessariae
630 3420 727 3483 sunt?
756 3422 841 3483 oerte
864 3440 930 3481 non
953 3420 1074 3502 potest,
1096 3439 1172 3481 nam
1196 3417 1248 3481 dei

224 3513 289 3579 hoe
325 3516 375 3577 est
408 3515 464 3599 qui
496 3516 681 3581 moderetur
716 3516 979 3602 tempestatibus,
1021 3515 1105 3580 unde
1137 3516 1249 3600 fruges

225 3617 332 3677 terrae
356 3615 388 3676 et
412 3634 631 3698 quaecumque
654 3614 718 3678 alia
741 3615 782 3679 ad
800 3615 834 3680 id
851 3614 1030 3679 necessaria
1053 3617 1129 3678 sunt
1151 3612 1247 3678 nobis

226 3709 337 3775 fiunt?
381 3708 469 3775 Huic
490 3711 627 3776 Tullus
650 3713 823 3796 respondet
843 3716 875 3777 et
893 3711 984 3776 dioit:
1009 3709 1144 3775 ‘Omnes
1168 3710 1249 3775 satis
