3000 4475
557 415 654 471 LIBRI
672 416 720 469 DE
739 414 959 470 VIRTUTIBUS

408 567 485 627 nihil
508 566 592 626 aliud
614 566 673 627 sibi
695 567 821 646 exigere,
843 565 903 626 nisi
925 565 1006 642 quod
1028 566 1179 642 principis
1204 584 1264 624 eon·

411 657 524 716 ditione
547 657 724 734 postulatur.
770 656 891 715 Iustitia
919 674 989 715 vero
1017 654 1128 733 agendi
1158 673 1195 714 ea
1217 658 1263 729 111,
1299 660 1301 671 “

411 766 487 822 quae
510 749 641 822 pertinet
663 746 702 805 ad
720 763 822 805 omnes
844 746 995 821 principes
1013 748 1045 804 et
1061 744 1261 821 magistratus,

410 836 463 912 qui
489 855 536 894 res
564 836 699 911 publicas
729 834 954 909 administrant,
984 836 1020 892 ut
1047 833 1212 893 cohibeant
1237 836 1261 891 et

410 926 641 985 contineant-in
667 942 721 983 suo
749 943 896 1000 quemque
919 925 997 995 iure,
1024 921 1165 982 afficiant
1187 941 1259 998 prae-

407 1015 476 1073 miis
504 1017 535 1073 et
561 1012 710 1072 beneficiis
737 1012 831 1074 bonos
859 1015 950 1088 atque
976 1013 1106 1089 puniant
1130 1014 1163 1070 et
1192 1031 1258 1071 coer

410 1105 496 1163 ceant
532 1103 626 1162 malos
662 1121 717 1178 pro
754 1103 817 1160 suis
859 1121 1007 1178 quemque
1041 1101 1170 1160 meritis.
1226 1101 1258 1159 11

408 1192 542 1268 profecto
574 1192 647 1250 haec
683 1193 780 1250 virtus
812 1209 847 1250 ea
879 1194 937 1266 est,
973 1209 1050 1266 quae
1081 1191 1210 1249 tueatur
1231 1192 1253 1247 et

332 1328 336 1333 .
408 1284 506 1340 servet
527 1281 685 1356 principes,
714 1299 790 1356 quae
814 1282 924 1358 augeat
945 1298 992 1338 res
1014 1278 1163 1355 publicas,
1192 1297 1255 1356 quae

409 1369 571 1446 amplificet
594 1370 731 1429 civitates
755 1372 785 1428 et
808 1387 867 1444 eos,
890 1369 944 1444 qui
966 1388 1019 1444 per
1041 1368 1129 1426 illam
1151 1368 1213 1444 ipsi
1233 1384 1257 1426 sc

408 1462 525 1537 regunt.
571 1459 650 1517 Nam
686 1460 750 1517 sine
786 1458 903 1517 iustitie
939 1457 987 1516 hio
1023 1456 1153 1516 mundus
1192 1456 1259 1516 nihil

408 1550 485 1607 esset
507 1567 603 1624 neque
626 1547 762 1623 reliquae
783 1548 910 1606 virtutes
932 1548 1031 1606 locum
1054 1545 1210 1622 habereut,
1230 1548 1259 1604 ut

407 1637 492 1694 nihil'
507 1636 590 1695 aliud
613 1636 698 1696 fieret
720 1636 779 1695 nisi
798 1635 902 1695 caedes
920 1634 1058 1694 incendia
1081 1636 1257 1710 proditiones

408 1726 534 1784 iniuriae
558 1727 619 1784 alia
641 1726 723 1784 mala
740 1725 836 1784 multo
858 1727 961 1800 peiora
980 1743 1071 1800 quam
1089 1743 1170 1784 nunc
1189 1728 1258 1797 sunt,

406 1815 485 1873 unde
508 1813 653 1873 mundum
674 1814 796 1873 interire
820 1832 937 1873 neeesse
960 1816 1045 1872 esset.

317 1949 421 2002 Ancon.
433 1954 458 2014 1,
468 1954 587 2014 14-11;
607 1949 987 2017 1,13-1,11(11,14-11;
1007 1953 1050 2015 11,
1060 1953 1176 2015 11-11,
1186 1947 1256 2015 111).

241 2017 421 2073 Sententiam
439 2019 528 2087 illam,
547 2037 603 2087 qua
620 2019 789 2088 postulatur,
807 2021 840 2072 ut
858 2035 940 2074 nemo
955 2018 1038 2079 alteri
1056 2018 1171 2090 inferat,
1188 2018 1256 2088 quod

246 2090 307 2159 ipse
326 2091 381 2144 sibi
404 2091 502 2145 inferri
524 2089 610 2157 nolit,
635 2096 664 2158 6,
680 2096 712 2144 29
724 2108 784 2159 sqq.
804 2092 858 2160 (16,
873 2095 906 2144 39
918 2107 958 2158 sq.
974 2089 1015 2160 S),
1043 2089 1153 2146 idcirco
1176 2089 1258 2155 omisi,

241 2162 323 2231 quod
332 2161 390 2217 1111
400 2165 584 2231 praeceptum
597 2164 663 2216 ante
677 2162 861 2216 ohmstianam
876 2163 997 2216 aetatem
1010 2161 1154 2217 rarissime
1170 2161 1258 2226 datum

246 2233 323 2302 quod
337 2233 466 2303 exposuit
479 2234 521 2288 vir
535 2235 635 2289 doctus
649 2235 681 2287 A.
689 2233 755 2288 Otto
770 2234 800 2287 in
814 2232 887 2288 libro
901 2250 985 2301 quem
998 2231 1146 2302 inscripsit
1155 2234 1259 2358 riguet-

242 2313 356 2362 wocrtcr
374 2306 422 2360 der
441 2308 662 2375 Roemerp.16;
683 2305 895 2360 ciceronianum
914 2305 1003 2376 igitur
1019 2304 1067 2357 vix
1086 2304 1134 2359 sit.
1195 2305 1258 2359 11111

239 2392 280 2431 11
298 2377 440 2431 sententia
459 2382 604 2443 6,.11-33
624 2380 681 2447 (16,
695 2383 801 2431 40-42
813 2376 855 2447 S),
874 2393 931 2444 qua
949 2378 1048 2430 auctor
1067 2376 1258 2445 'complectitur

246 2464 280 2502 ea
299 2465 371 2517 qnae
390 2449 571 2517 praecedunt,
589 2447 707 2502 Antonii
725 2464 786 2503 1111
800 2447 918 2502 videtur.
946 2447 1009 2501 Duo
1023 2463 1130 2517 genera
1144 2448 1258 2513 virtutis,

240 2536 313 2589 ergo
332 2520 418 2573 etiam
436 2519 563 2574 iustitiae
582 2539 599 2574 a
612 2520 747 2573 Panaetio
767 2520 902 2573 distincta
921 2535 981 2573 1111
1000 2518 1259 2587 1111111611κί-

246 2608 316 2644 mus.
349 2590 478 2644 Iustitiae
497 2594 591 2645 autem
609 2590 722 2646 laudem
736 2590 915 2658 uberrimam,
934 2606 1107 2659 quamquam
1125 2591 1258 2646 Antonius

246 2680 326 2715 suam
344 2678 405 2716 esse
424 2661 514 2731 fingit,
533 2679 597 2716 eum
616 2662 811 2731 8,1(17,18)
831 2662 914 2716 dicit:
933 2661 964 2729 pe
982 2679 1049 2716 cous
1068 2662 1106 2732 dy
1126 2680 1191 2731 quc,
1209 2661 1258 2716 elo·

238 2733 323 2803 ,giam
346 2733 517 2787 rhetoricum
540 2733 576 2788 ab
599 2733 660 2802 ipso
685 2734 818 2789 Cicerone
841 2732 999 2788 confectum
1022 2748 1083 2787 1111
1107 2734 1181 2788 mihi
1203 2749 1258 2803 per·

246 2822 359 2858 suasum
373 2806 425 2870 est,
444 2820 506 2857 cum
522 2804 720 2859 Ciceronianus
734 2822 824 2859 sermo
839 2804 1028 2874 amplissimus
1042 2806 1072 2858 et
1089 2805 1169 2861 color
1183 2822 1257 2874 quem

239 2876 345 2930 dicunt
363 2875 468 2930 latinus
487 2876 574 2931 etiam
591 2877 622 2930 iu
640 2876 739 2949 lingua
757 2875 969 2947 Franoogallica
986 2891 1077 2945 paene
1096 2877 1208 2933 clamet.

747 3118 765 3175 8

473 3240 511 3299 A.
536 3239 594 3300 Sed
615 3260 667 3300 cur
688 3244 723 3300 tu
746 3243 935 3300 clementiam
958 3241 1096 3319 adiungis
1119 3244 1257 3313 iustitiae,

408 3349 475 3390 cum
498 3330 615 3389 iustitia
637 3349 691 3405 per
718 3349 748 3388 se
772 3332 835 3388 tam
857 3331 1009 3389 horribilis
1032 3333 1063 3388 11
1086 3350 1193 3392 severa
1215 3333 1255 3401 sit

407 3422 441 3477 ut
468 3439 554 3478 nemo
581 3422 684 3477 tantus
708 3420 761 3492 sit,
793 3438 882 3493 quem
909 3438 969 3477 non
997 3421 1112 3480 terrore
1142 3421 1255 3490 afficiat,

407 3508 434 3567 si
455 3528 523 3567 eum
546 3510 693 3586 tetigerit,
720 3509 877 3567 clementia
901 3512 1001 3567 autem
1022 3511 1087 3567 tam
1111 3511 1210 3571 dulcis
1231 3510 1257 3567 et

406 3597 537 3657 iucunda
569 3599 622 3671 sit,
658 3600 693 3655 ut
725 3597 877 3656 confirmet
910 3600 939 3656 et
976 3596 1099 3657 adiuvet
1131 3599 1258 3671 timidos,

407 3707 498 3763 quare
530 3689 640 3746 mirum
677 3689 722 3746 est
759 3689 934 3765 coniungere
972 3686 1163 3746 severitatem
1195 3707 1258 3747 cum

406 3778 565 3852 suavitate,
588 3796 664 3853 quae
688 3775 764 3835 duae
786 3794 832 3835 res
855 3776 913 3834 sibi
936 3776 997 3835 sint
1020 3775 1210 3836 contrariae?
