3000 4475
593 416 648 470 LA
667 415 835 471 SALADE
930 460 931 465 ,
1206 413 1232 478 9

204 560 382 628 1111111111
405 565 437 626 11
460 561 648 627 contineant
669 561 705 625 in
728 582 786 625 suo
806 582 966 646 quemque
986 560 1056 626 iure
1075 582 1112 625 ac
1133 560 1235 624 bene-

204 661 291 727 ficiis
314 660 458 726 afficiant
479 659 583 724 bonos
603 663 635 723 et
653 659 792 743 puniant
810 659 1012 744 deiciantque
1035 658 1138 723 malos
1162 658 1235 722 suis

208 780 369 843 quemque
393 757 610 842 promeritis.
655 757 700 821 Et
728 760 827 841 certe,
855 757 901 820 mi
929 757 1058 822 domine
1085 777 1253 821 reveren*

209 857 349 941 dissime,
372 856 444 921 dico
467 855 561 920 vobis
585 854 668 919 hanc
685 855 839 920 virtutem
865 876 935 918 eam
959 876 1027 919 esse
1051 877 1133 939 quae
1157 876 1236 920 con-

208 959 315 1020 servet
337 954 509 1038 principes,
531 975 582 1018 res
607 952 754 1037 publicas
777 956 907 1038 augeat,
934 951 1029 1016 urbes
1053 952 1236 1037 amplificet

206 1056 241 1118 et
260 1074 323 1137 eos,
347 1052 403 1136 qui
422 1074 480 1136 per
498 1051 589 1115 illam
608 1073 641 1116 se
660 1051 724 1135 ipsi
742 1055 868 1137 regunt.
905 1049 991 1137 Nam
1010 1051 1080 1115 sine
1103 1050 1237 1127 iustitia.

206 1151 349 1216 mundus
372 1150 456 1215 nihil
479 1153 564 1214 esset
593 1153 624 1214 et
651 1148 794 1233 reliquae
817 1148 955 1213 virtutes
981 1170 1047 1213 non
1074 1148 1238 1214 haberent

206 1249 332 1332 locum,
363 1249 410 1312 111
442 1252 480 1312 11
508 1246 592 1312 nihil
620 1250 703 1312 esset
729 1247 795 1312 nisi
821 1241 998 1312 homicidia
1030 1246 1238 1331 proditiones

205 1347 295 1412 furta
317 1347 458 1411 invidiae
482 1350 514 1411 ct
541 1345 627 1410 mala
653 1345 758 1410 multo
789 1344 882 1430 plura
911 1367 1007 1429 quam
1036 1348 1253 1428 11111111,1

205 1446 292 1510 unde
315 1445 391 1509 finis
414 1445 507 1510 fieret
529 1443 650 1508 mnndi.
794 1508 796 1512 Α

297 1543 346 1608 nt
366 1543 394 1607 si
417 1543 491 1626 quis
515 1543 553 1607 (11
577 1541 691 1606 Tullo
715 1546 849 1626 quaerat
872 1564 930 1607 eur
957 1542 1112 1628 adiungat
1140 1541 1235 1605 iusti-

205 1642 273 1706 tiae
295 1641 564 1724 misericordiam,
587 1636 661 1705 cum
684 1639 811 1705 iustitia
838 1663 896 1725 per
924 1662 957 1705 se
984 1644 1051 1704 tam
1075 1638 1236 1704 terribilis

206 1744 240 1806 et
263 1738 370 1825 rigida
393 1739 449 1823 sit,
477 1741 515 1802 ut
541 1760 636 1803 nemo
664 1742 775 1803 tantus
804 1739 859 1822 sit,
890 1760 986 1823 quem
1013 1759 1081 1802 non
1107 1742 1236 1802 terror'e·

206 1837 339 1922 afficiat,
363 1837 390 1901 si
415 1858 488 1901 eum
510 1836 665 1922 tetigerit,
689 1839 722 1900 et
744 1835 966 1900 misericordia
988 1839 1056 1900 tam
1076 1835 1179 1900 dulcis
1199 1841 1238 1900 et

206 1935 348 2000 iucunda
380 1935 437 2018 sit,
469 1939 507 1999 11
538 1935 707 1999 confirmet
735 1937 768 1999 et
800 1934 931 1998 adiuvet
959 1934 1103 2017 timidos,
1132 1955 1237 2018 quare

207 2034 329 2098 mirum
350 2034 393 2097 sit
417 2033 612 2119 coniungere
636 2032 840 2109 severitatem
860 2055 935 2098 cum
950 2034 1125 2116 1111111111,
1149 2053 1237 2116 quae

207 2132 291 2196 duae
314 2152 365 2195 res
388 2130 452 2195 sibi
471 2131 650 2196 contrariae
669 2131 743 2215 sint,
765 2130 850 2216 huic,
873 2131 919 2196 mi
939 2130 1067 2195 domine
1085 2151 1236 2195 reveren·
1257 2188 1259 2192 ,
1322 2214 1325 2218 Α

207 2229 351 2314 dissime,
370 2229 544 2314 respondet
558 2228 695 2294 Tullus
711 2229 869 2294 iustitiam
882 2226 1023 2294 humane
1042 2233 1075 2294 11
1094 2227 1237 2293 dulciter

208 2328 423 2414 gubernatam
450 2328 612 2392 nominari
638 2349 733 2412 posse
761 2328 1028 2411 misericordiam,
1057 2350 1133 2392 nam
1161 2348 1235 2391 sua·

206 2426 292 2490 111111
323 2427 427 2510 pietas
456 2426 642 2490 humanitas
674 2426 924 2509 proficiscuntur
953 2448 972 2489 1
1002 2426 1235 2491 misericordia.

207 2523 256 2589 At
286 2525 315 2588 si
343 2525 508 2607 corruptio
539 2522 669 2589 delituit
700 2524 735 2588 in
766 2523 881 2588 umbra
913 2524 1142 2607 miserationis,
1174 2523 1238 2587 illa

207 2626 295 2687 certe
313 2622 478 2687 miseratio
496 2620 588 2686 nulla
606 2626 664 2706 est,
688 2622 787 2686 immo
806 2621 889 2685 falsa
907 2644 945 2687 ac
964 2622 1152 2687 detestanda
1172 2626 1237 2703 est,

208 2742 282 2785 cum
320 2742 357 2785 ea
394 2742 461 2784 non
501 2719 698 2785 nominanda
739 2721 783 2784 sit
816 2720 1082 2804 ‘misericordia'‚
1118 2741 1234 2784 verum

209 2819 356 2883 ‘miseria
378 2819 540 2883 concors'.
586 2818 697 2882 Etiam
721 2819 847 2883 iustitia
870 2815 1015 2902 asperius
1039 2821 1071 2882 et
1090 2818 1235 2882 severius

209 2915 305 3001 culta,
329 2938 426 3001 quam
449 2921 613 3001 peccator,
639 2917 695 2999 qui
719 2917 759 2980 ad
782 2916 904 2981 malum
926 2918 1052 2982 facinus
1077 2915 1237 3000 procedit,

210 3019 384 3099 exspectat,
408 3019 440 3080 et
459 3014 522 3080 dici
546 3019 654 3099 potest
677 3013 901 3080 crudelitatem
925 3015 971 3080 ibi
990 3018 1022 3078 et
1046 3012 1230 3098 superbiam

208 3113 323 3197 inesse,
346 3134 428 3196 quae
451 3112 547 3197 plane
569 3113 782 3197 vituperanda
805 3117 888 3177 sunt.
936 3111 1059 3190 Quibus
1081 3111 1172 3175 vitiis
1196 3113 1236 3175 in

208 3211 323 3276 umbra
345 3211 563 3275 miserationis
585 3215 682 3294 atque
701 3212 798 3276 etiam
820 3211 922 3275 nimia
941 3209 1129 3276 erudelitate
1152 3231 1234 3299 1ο1·1

207 3308 316 3374 nullae
348 3309 584 3373 dominationes
615 3309 655 3373 ad
686 3310 940 3375 deminutionem
969 3308 1124 3373 adductae
1155 3311 1237 3372 sunt

210 3412 242 3471 et
275 3428 370 3491 saepe
402 3408 542 3491 turpiter
569 3408 742 3491 perierunt.
788 3406 897 3491 Atque
927 3407 981 3472 hic
1013 3407 1109 3472 finem
1143 3406 1236 3489 capit

209 3506 351 3589 primum
375 3528 483 3570 meum
508 3527 645 3591 granum
669 3506 809 3570 seminis.
