3000 4475
207 503 210 512 ,
239 441 283 504 54
550 441 584 496 Π.
604 438 943 497 COMMENTATIONES

239 593 300 651 eim
332 596 358 650 et
386 593 420 650 ia
447 593 505 650 telo
536 598 590 652 uret
619 593 768 652 latronam
800 595 852 650 out
882 591 1069 649 latratorum
1100 591 1248 657 tendisse,

239 683 352 740 omnis
388 682 534 740 honeste
573 685 667 741 ratio
706 685 794 739 esset
836 679 1074 753 expediendae
1115 680 1248 739 salutis.

312 772 514 844 persapienter
537 776 562 829 a
584 771 711 845 quodum
733 770 817 828 modo
841 771 925 828 leode
947 768 999 827 dot
1021 771 1090 840 epse
1112 769 1160 827 lea
1178 772 1248 841 pote·

239 863 342 918 statem
369 859 551 933 defaedeade'.
601 861 670 919 Tali
695 859 790 936 igitur
816 857 904 917 modo
932 857 1018 916 illam
1044 857 1143 934 legem
1171 856 1249 916 intel-

239 947 398 1025 legendam
421 967 483 1007 esse
505 942 602 1024 puto.1

331 1036 443 1105 Quibus
471 1039 613 1114 expositis
640 1037 770 1095 breviter
799 1037 890 1095 velim
920 1054 1036 1094 mecum
1063 1036 1165 1095 animo
1193 1053 1251 1111 per·

241 1126 361 1199 lustres,
393 1145 469 1202 quae
492 1125 587 1186 adhuc
611 1126 714 1185 effecta
737 1126 805 1185 sint.
851 1125 950 1183 Pauca
973 1122 1057 1182 nobie
1086 1127 1121 1182 ut
1144 1125 1252 1184 incerte

240 1216 388 1274 mittenda
403 1216 501 1290 erant3
521 1235 555 1275 ex
569 1216 607 1274 iis
622 1217 723 1274 autem
737 1234 814 1291 quae
828 1213 1075 1289 relinquebantur
1093 1214 1251 1290 permultas

240 1323 288 1364 res
315 1304 464 1363 Romanas
492 1304 530 1362 ab
558 1304 690 1363 Antonio
722 1303 841 1362 laudari
873 1303 1079 1380 eognovimus,
1112 1321 1188 1378 quas
1214 1304 1253 1361 ita

242 1393 383 1453 accidisse
405 1413 505 1452 rerum
527 1393 729 1451 Romanamm
752 1395 912 1467 scriptores
939 1394 1098 1451 testantur.
1146 1390 1253 1461 Quibus

241 1482 391 1541 Antonius
424 1486 477 1541 aut
507 1482 612 1541 Tullus
643 1482 769 1540 Antonii
802 1484 906 1541 auctor
935 1481 1031 1539 multa
1063 1481 1096 1538 in
1134 1480 1253 1558 singulis

240 1572 328 1630 rebus
361 1569 491 1644 addidit,
523 1590 601 1647 quae
628 1569 699 1631 ficta
726 1589 789 1631 esse
821 1572 943 1628 minime
972 1569 1126 1643 videntur,
1158 1572 1203 1628 ita
1224 1571 1253 1626 ut

242 1660 279 1719 ab
294 1660 347 1719 illo
366 1662 541 1736 scriptorem
555 1659 710 1735 quendam,
730 1679 819 1735 quem
832 1677 886 1718 nos
900 1679 961 1718 non
978 1658 1131 1732 habemus,
1150 1659 1253 1717 lectum

242 1768 306 1808 esse
338 1750 399 1807 iam
431 1751 492 1807 iam
524 1749 613 1808 liceat
640 1749 765 1825 opinari.
811 1748 852 1806 111
879 1767 946 1806 cum
978 1748 1080 1806 omnia
1106 1748 1163 1806 illa
1190 1750 1254 1807 ante

240 1839 354 1896 Iulium
378 1837 533 1897 Gaesarem
560 1840 614 1896 ant
641 1839 705 1896 eius
733 1855 807 1896 aevo
835 1837 917 1896 facta
943 1839 1016 1911 sint,
1045 1835 1164 1895 nullum
1190 1854 1253 1895 vero

242 1927 385 1986 afferatur
407 1927 574 2002 exemplum
595 1926 675 2002 quod
695 1925 856 1985 Caesarum
874 1925 1093 2001 Imperatorum
1111 1926 1254 1985 Romano·

241 2036 309 2074 rum
330 2019 464 2092 tempore
488 2015 597 2075 accidit
618 2034 715 2091 neque
742 2033 827 2092 reges
852 2018 904 2074 aut
926 2014 1074 2090 principes
1104 2015 1254 2075 cbrisffimi

241 2104 414 2181 laudentur,
446 2105 532 2163 illum
561 2107 711 2164 auctorem
741 2123 829 2179 quem
857 2121 887 2162 se
919 2103 1082 2164 exscribere
1109 2104 1254 2164 Antonius

243 2194 397 2254 contendit
424 2196 548 2253 exeunte
575 2193 670 2253 libera
696 2213 729 2253 re
757 2193 878 2270 publica
906 2192 1041 2254 Romana
1071 2192 1167 2253 fuisse
1195 2212 1254 2254 con·

243 2284 420 2343 cludendum
443 2287 496 2343 est.

722 2475 782 2554 §4

331 2615 513 2701 Vestigia
536 2616 736 2681 doctrinae
761 2614 977 2680 Stoicorum
1002 2614 1174 2681 inveniri

637 2722 866 2787 ostenditur.

334 2852 367 2911 Si
394 2853 518 2929 Pompei
545 2856 575 2912 et
603 2851 738 2913 Caesaris
766 2852 949 2927 temporibus
978 2854 1082 2911 auctor
1109 2853 1257 2913 Romanus

243 2942 391 3001 scribebat
418 2942 453 3000 de
476 2942 651 3017 virtutibus,
680 2942 718 2999 ad
746 2940 925 3000 Graecorum
953 2940 1136 3016 exemplaria
1164 2959 1257 3003 neces·

244 3032 323 3089 sario
351 3030 521 3091 ducebatur.
567 3030 674 3106 Itaque
706 3049 785 3089 nunc
817 3048 1009 3105 quaeramus,
1046 3050 1145 3090 nonne
1184 3030 1256 3108 apud

243 3118 409 3178 Antonium
435 3122 623 3196 reperiantur
650 3121 777 3197 vestigia
804 3120 1010 3195 philosophiae
1036 3116 1176 3180 Graecae.
1222 3121 1257 3179 Et

245 3227 314 3267 cum
345 3209 381 3268 de
413 3211 524 3267 virtute
557 3228 627 3285 prae
660 3209 765 3268 ceteris
801 3207 1047 3283 pbilosophorum
1081 3206 1255 3270 Graecomm

244 3299 332 3357 sectis
361 3300 477 3375 egerint
505 3297 612 3372 Stoici,
640 3298 787 3374 imprimis
816 3297 956 3357 adeamus
985 3295 1155 3357 Stoicorum
1182 3301 1256 3377 frag·

244 3390 345 3445 menta
359 3405 436 3462 quae
452 3388 574 3465 collegit
587 3386 615 3446 J.
630 3386 667 3444 ab
682 3386 789 3444 Arnim
808 3378 920 3467 (I-III
933 3386 1057 3460 Lipsiae
1069 3379 1255 3469 1903-05).

333 3476 378 3534 Ac
392 3477 521 3550 primum
536 3475 656 3552 quidem
671 3495 734 3533 rem
752 3478 785 3533 in
799 3475 969 3533 universum
983 3478 1155 3537 tractemus.
1188 3477 1257 3537 Cum

244 3566 276 3623 in
300 3566 394 3624 altero
417 3565 543 3624 Antonii
568 3564 645 3623 libro
669 3565 702 3638 6,
719 3567 758 3623 11
771 3583 834 3639 sqq.
855 3555 926 3645 (16,
947 3566 987 3624 23
999 3582 1062 3641 sqq.
1084 3558 1120 3647 S)
1144 3567 1257 3627 iustitia

335 3737 360 3803 1)
384 3732 417 3787 V.
429 3732 544 3816 ¹Hirucl¹
566 3730 708 3803 ’Ἀγραφος
726 3731 823 3802 νόμος,
847 3734 1071 3805 Actaeaeacteae
1093 3736 1143 3791 der
1161 3738 1256 3793 secate.

247 3804 309 3861 Ges.
324 3805 372 3860 der
386 3805 546 3861 Wrsscaset.
561 3804 660 3859 XLVII
680 3810 747 3859 1903
766 3803 816 3859 Nr.
829 3811 842 3859 1
863 3824 890 3875 p.
906 3811 948 3860 26.
