3000 4475
511 456 567 512 LA
585 457 758 513 SALADE.
797 459 851 513 LA
869 459 1005 515 SALLE
1224 460 1267 524 39

236 601 370 665 bonum
392 598 439 664 rei
467 601 616 685 publicae
644 606 677 667 et
705 625 802 686 quam
829 603 1004 687 plurimum
1033 627 1164 692 augere,
1192 629 1268 691 prae

238 698 363 764 ceteris
385 699 507 764 scilicet
529 702 713 786 pecuniam,
737 723 820 785 quae
844 707 893 766 est
916 707 948 767 et
976 703 1117 790 obtingit
1144 705 1266 770 civibus

240 797 372 862 vestris.
416 795 537 862 Octava
559 821 610 864 res
634 804 695 884 est,
723 804 761 863 ut
783 800 868 864 bono
893 804 924 864 et
948 805 1034 865 certo
1053 802 1192 867 ‘consilio
1217 803 1268 866 de-

242 894 385 960 feudatis
407 894 573 961 libertates
595 902 720 962 vestras
744 901 776 962 et
799 899 870 962 iura
894 898 933 962 ab
957 899 1012 982 iis,
1041 899 1097 983 qui
1120 921 1178 965 vos
1201 900 1266 967 illis

241 993 373 1077 privare
395 993 519 1078 volunt,
542 999 574 1059 et
597 994 696 1058 simili
720 995 816 1060 modo
841 996 958 1061 civium
982 997 1060 1061 iura.

333 1090 380 1156 Et
397 1090 450 1155 hic
464 1093 562 1157 finem
581 1093 709 1177 capient
726 1097 799 1159 octo
818 1116 888 1159 mea
907 1117 1007 1180 grana
1021 1094 1156 1180 gloriosi
1175 1100 1266 1162 semi-

237 1191 304 1274 nis,
327 1192 361 1253 et
383 1210 543 1254 summum
562 1195 593 1255 et
617 1192 870 1275 omnipotentem
889 1192 983 1257 deum
1007 1197 1153 1258 sanctum
1174 1195 1265 1278 spiri-

238 1293 323 1372 tum,
347 1309 387 1352 ex
406 1310 470 1371 quo
490 1288 584 1376 nobis
603 1290 710 1355 omnia
729 1290 815 1354 bona
834 1312 932 1374 opera
949 1289 1135 1376 nascuntur,
1153 1314 1266 1375 precor

237 1390 277 1452 ut
310 1385 406 1450 vobis
440 1385 494 1450 det
527 1388 664 1473 gratiam
696 1387 752 1452 illa
785 1411 885 1474 grana
918 1389 1043 1454 serendi
1074 1390 1108 1453 in
1144 1390 1265 1455 bonum

237 1483 374 1550 hortum
398 1483 628 1549 cordisvestri
654 1485 862 1571 nobilissimi,
891 1509 955 1571 quo
984 1487 1112 1571 possint
1140 1488 1174 1550 in
1198 1487 1263 1550 dies

241 1581 358 1647 melius
386 1582 501 1646 florere
534 1587 567 1648 et
594 1585 720 1648 fruetus
750 1584 850 1649 edere.
895 1584 939 1650 Et
969 1585 1079 1650 eadem
1109 1585 1152 1649 sit
1181 1587 1263 1649 ratio

242 1679 277 1744 in
301 1679 450 1746 omnibus
474 1679 547 1746 aliis
574 1682 777 1766 principibus
800 1681 984 1747 christianis
1008 1688 1039 1748 et
1063 1683 1208 1768 dynastis
1232 1687 1264 1748 et

243 1777 390 1861 dominis,
414 1779 472 1862 qui
495 1800 545 1843 res
568 1778 715 1863 publicas
738 1780 928 1866 gubernant.

327 2759 421 2826 Siout
440 2756 577 2821 Tullus
595 2756 630 2820 iu
647 2756 732 2821 libro
752 2779 810 2822 suo
830 2757 880 2822 De
901 2759 1065 2823 virtutibus
1088 2762 1120 2822 et
1148 2760 1182 2822 in
1207 2781 1255 2824 ca-

238 2858 307 2943 pite
330 2857 419 2943 quod
442 2860 491 2919 est
515 2854 553 2919 de
578 2854 776 2920 continentia
799 2854 923 2940 profert
941 2854 1122 2939 exemplum
1146 2856 1256 2922 mulie-

237 2957 292 3041 ris,
310 2978 394 3041 quae
413 2953 564 3018 maritum
582 2975 676 3018 suum
691 2954 782 3018 cuius
801 2952 922 3017 halitus
940 2953 1057 3018 mirum
1076 2955 1110 3017 in
1128 2954 1258 3020 modum

238 3053 383 3120 foetebat
412 3054 581 3135 tantopere
610 3051 751 3134 amabat,
781 3054 817 3115 ut
847 3072 920 3116 cum
949 3050 1030 3115 forte
1061 3051 1159 3116 amita
1189 3052 1257 3116 eius

239 3152 371 3217 diceret:
395 3148 497 3213 ‘Heus
520 3153 565 3232 tu,
589 3150 696 3232 amita,
719 3149 880 3233 quomodo
904 3150 1057 3214 foetidam
1080 3149 1186 3214 mariti
1209 3150 1257 3214 tui

238 3250 378 3315 animam
405 3247 543 3312 tolerare
571 3247 701 3331 potesl'
729 3269 767 3312 ea
794 3247 961 3312 subridens
990 3247 1123 3313 diceret:
1152 3246 1258 3331 ‘Quia

237 3346 376 3413 eliorum
398 3346 541 3411 virorum
564 3344 685 3409 halitus
708 3367 815 3411 nonne
838 3345 920 3410 tales
945 3345 1058 3409 sunt?’
