3000 4475
242 433 288 496 44
555 432 590 487 11
609 431 949 487 COMMENTATIONES

244 602 361 658 quoque
395 585 554 659 scriptores
585 586 617 642 in
650 585 758 660 quibus
786 586 877 643 etiem
905 582 1078 644 Ciceronem
1110 586 1263 662 scripsisse

243 676 348 749 postea
367 672 532 749 exposituri
550 673 651 748 simus,
673 673 842 733 Antonium
864 674 991 732 fortusse
1010 692 1080 734 3333
1099 678 1263 735 3331331133

243 762 292 821 113
314 779 381 820 eum
405 763 561 822 sententiis
584 763 707 822 alterius
730 763 917 822 coniunxisse
941 763 1139 823 concedimus.

331 850 399 908 Iam
415 851 536 909 initium
555 853 662 927 cupitis
681 854 784 927 quarti
805 853 855 927 18,
871 853 913 910 20
927 870 971 928 sq.
995 845 1061 932 (20,
1077 854 1119 912 38
1132 872 1178 931 33.
1194 847 1228 935 S)
1245 873 1261 912 a

245 939 390 1016 scriptore
425 940 651 1019 Francogullico
688 941 836 1018 originem
872 940 979 1000 ducere
1017 943 1185 1001 verisimile
1221 947 1262 1003 est

243 1031 366 1104 propter
392 1046 478 1088 voces
506 1031 547 1089 les
574 1032 771 1103 autenticques
799 1033 971 1104 escriptures
998 1032 1029 1089 31
1055 1031 1097 1089 les
1120 1033 1260 1106 33333313

243 1118 469 1192 1333333313.
516 1119 593 1177 Tum
615 1119 648 1177 in
666 1119 858 1178 offensionem
881 1122 1014 1179 nostram
1035 1119 1152 1180 cadunt
1175 1121 1260 1181 verba

241 1210 338 1279 priene
366 1226 386 1266 3
408 1208 477 1266 dicu
506 1209 614 1280 3314
639 1199 707 1286 (21,
723 1210 764 1267 20
785 1199 828 1288 S).
874 1208 972 1277 Quare
999 1210 1170 1270 sententiae
1194 1211 1259 1270 11133

243 1298 440 1371 20,11-16
465 1288 535 1376 (21,
552 1299 680 1355 17-22
697 1288 732 1377 S)
756 1297 882 1356 Antonii
904 1300 983 1356 sunt.

330 1385 367 1443 In
389 1386 426 1444 iis
446 1387 546 1443 autem
566 1403 642 1460 3333
665 1385 772 1444 deinde
791 1389 956 1462 sequuntur
973 1387 1120 1464 partibus,
1144 1392 1259 1464 praeter

242 1473 378 1533 libellum
397 1477 571 1550 extremum,
591 1493 758 1551 perpaucae
777 1477 942 1534 sententiae
961 1476 1115 1552 scriptoris
1135 1478 1258 1537 Franco-

242 1563 344 1639 gallici
376 1582 439 1623 esse
469 1563 617 1622 videntur.
663 1563 755 1623 Velut
786 1564 839 1623 ubi
870 1565 906 1623 de
938 1583 1009 1623 cura
1040 1567 1189 1626 frumenti
1219 1568 1257 1627 lo·
1297 1610 1299 1617 -

243 1653 354 1726 quitur,
379 1655 430 1725 26,
450 1654 558 1710 6-14
583 1645 650 1733 (23,
667 1656 746 1713 19-
756 1655 795 1712 26
813 1646 857 1734 S),
877 1655 905 1713 ei
923 1654 1006 1713 loeus
1024 1655 1076 1712 1113
1096 1658 1258 1733 scripturae

241 1744 361 1799 sanctae
381 1745 450 1799 3313
470 1742 570 1800 333133
590 1741 766 1802 obversatus
786 1761 848 1802 esse
871 1743 998 1821 videtur,
1023 1763 1081 1818 quo
1101 1745 1257 1822 Iosephum

242 1830 306 1906 regi
323 1829 542 1907 Aegyptiorum
563 1832 721 1891 consilium
744 1832 860 1890 dedisse
882 1835 1031 1906 narratur,
1053 1836 1089 1891 ut
1111 1835 1258 1894 fertilibus

243 1919 329 1977 annis
358 1919 541 1977 frumentum
569 1920 769 1998 colligendum
797 1923 893 1995 curet,
921 1919 1025 1981 Genes.
1044 1923 1097 1994 41,
1122 1925 1167 1983 30
1191 1943 1258 2000 333,

241 2009 369 2067 maxime
394 2009 434 2066 33
451 2027 495 2084 sq.
536 2008 595 2067 Sed
618 2011 696 2069 33133
718 2011 787 2068 illas
813 2028 886 2085 3333
909 2010 997 2069 modo
1021 2014 1258 2073 enumeravimus

242 2099 405 2156 sententias
424 2096 493 2155 inde
512 2098 658 2175 originem
677 2099 784 2157 ducere
802 2099 877 2156 mibi
896 2117 1072 2175 persuasum
1091 2105 1145 2160 est.
1184 2103 1257 2162 Nam

241 2205 344 2245 earum
368 2189 597 2264 sententiarum,
625 2207 702 2265 quae
724 2189 907 2265 praecedunt
929 2192 959 2248 31
987 2207 1063 2264 3333
1086 2196 1258 2267 sequuntur,

241 2278 347 2335 auctor
369 2277 474 2335 Tullus
497 2277 647 2339 laudatur.
693 2277 853 2337 Praeterea
875 2278 908 2335 in
931 2280 1029 2354 333113
1053 2282 1183 2356 septimo
1209 2281 1256 2340 ali·

243 2365 316 2440 quid
331 2366 501 2425 offensionis
515 2366 615 2440 habet,
633 2368 714 2443 quod
728 2371 833 2426 auctor
845 2367 981 2442 loquitur
996 2370 1078 2443 30,4
1093 2360 1162 2450 (24,
1174 2373 1214 2430 32
1226 2362 1257 2450 S)

242 2453 277 2512 de
296 2455 436 2514 ecclesiis.
471 2454 528 2513 Sed
546 2459 581 2514 ut
595 2457 762 2515 Antonium
780 2475 868 2532 33333
887 2456 1007 2534 singula
1020 2457 1113 2517 verba
1130 2461 1258 2519 inserere

241 2562 331 2619 supra
350 2544 547 2619 exposuimus,
570 2545 615 2604 ita
633 2544 681 2604 hic
699 2546 839 2604 ecclesiae
859 2548 889 2603 et
908 2545 1018 2604 similia
1038 2565 1114 2621 3333
1133 2566 1257 2624 sequun-

240 2635 291 2690 tur
314 2633 351 2704 ab
377 2651 411 2692 eo
439 2652 506 2691 mea
534 2633 653 2709 quidem
677 2635 826 2693 sententia
852 2634 1030 2710 interposita
1058 2639 1141 2712 sunt,
1170 2642 1258 2714 atque

241 2723 407 2780 3331331133
434 2722 505 2779 inde
532 2742 550 2781 3
575 2725 660 2797 30,3
680 2742 775 2798 usque
803 2724 842 2782 ad
866 2725 973 2798 30,15
1002 2725 1064 2783 fere
1089 2718 1157 2805 (24,
1174 2729 1258 2785 32-

243 2803 378 2891 21328)
407 2810 435 2869 31
462 2813 522 2869 3131
551 2812 739 2886 tribuendae,
768 2831 836 2871 cum
864 2831 899 2871 33
927 2831 1009 2890 pars,
1041 2833 1117 2888 3333
1149 2816 1256 2893 30,15

241 2893 341 2979 (25,2
363 2898 398 2981 S)
431 2900 630 2976 subsequitur,
663 2901 769 2960 similis
802 2901 841 2960 sit
872 2901 1025 2961 doetrinae
1058 2904 1258 2979 antiquorum,

241 2988 320 3064 quod
343 2990 423 3047 infra
446 3010 474 3065 p.
491 2992 531 3048 62
551 2989 748 3049 ostendemus.
790 2990 867 3048 Item
892 2980 976 3065 34,6
998 2983 1120 3071 (26,11
1139 2986 1174 3075 S)
1198 2996 1257 3053 An·

239 3078 340 3137 tonius
358 3077 394 3135 de
413 3096 467 3136 333
486 3078 669 3154 experientia
692 3082 723 3137 et
741 3079 777 3138 de
800 3080 884 3139 libris
908 3078 1016 3155 quibus
1038 3081 1103 3158 1333
1126 3101 1202 3143 usus
1220 3085 1259 3143 311

239 3166 324 3241 13331
341 3166 468 3225 videtur.
505 3168 641 3244 Denique
665 3171 812 3228 extremus
835 3169 954 3228 libellus
979 3170 1030 3242 36,
1047 3173 1086 3229 11
1102 3189 1167 3247 sqq.
1193 3165 1257 3255 (27,

241 3258 338 3330 2333.
354 3249 389 3335 S)
418 3260 496 3315 certe
523 3256 651 3316 Antonii
683 3260 740 3331 331,
774 3260 826 3333 331
857 3258 969 3340 omnia>
985 3258 1088 3333 paucis
1116 3261 1168 3319 sed
1197 3260 1257 3322 suis

239 3344 338 3403 verbis
362 3346 578 3420 complectitur.

329 3433 435 3509 Neque
460 3454 514 3512 ego
542 3434 614 3493 alibi
637 3435 805 3494 Antonium
826 3438 938 3511 passim
967 3454 1064 3513 33333
1091 3439 1183 3498 verba
1206 3438 1256 3498 ad·

239 3522 349 3581 didisse
372 3542 456 3600 nego,
480 3523 532 3583 sed
556 3543 599 3599 33,
627 3542 704 3600 3333
725 3524 850 3584 minoris
872 3528 1016 3585 momenti
1039 3529 1108 3603 sint,
1136 3528 1255 3587 interim

239 3611 440 3689 neglegamus.
486 3614 548 3671 1133
572 3632 642 3671 vero
666 3614 776 3688 partes,
804 3631 880 3689 3333
903 3614 1030 3675 33113113
1059 3618 1195 3677 omnibus
1219 3617 1256 3675 iis

240 3701 395 3760 sententiis
432 3720 507 3777 3333
545 3702 784 3761 enumeravimus
825 3702 1047 3779 relinquuntur,
1089 3706 1256 3767 3333331133

239 3789 325 3849 33113
349 3791 419 3849 3331
441 3791 624 3851 tractandae.
