3000 4475
386 431 412 481 e.
430 384 479 480 nn
498 425 677 482 oroaaonn
696 426 851 482 rancun
867 426 1038 482 Aaoroau
1183 426 1224 491 61

203 596 316 652 sumus,
344 577 532 637 clementiam
554 579 737 655 probavisse,
764 578 1006 656 misericordiam,
1036 581 1071 636 ut
1095 577 1225 652 videtur,

201 667 416 744 repudiavisse.
474 667 555 725 Nam
594 669 633 743 is,
678 671 713 726 ut
752 669 872 744 potiora
912 666 1028 727 solum¹
1052 666 1224 741 exscribam,

202 758 291 816 Tusa.
304 756 349 815 IV
365 758 419 816 18:
446 757 655 816 Misericordia
682 757 783 833 inquit
806 762 847 816 est
874 757 1025 830 aeqritado
1048 774 1083 816 eu
1104 758 1224 816 miseria

202 847 328 906 alterius
354 846 534 918 laborautis;
563 863 647 905 aeuo
677 849 754 906 euim
780 846 952 920 parricidae
982 849 1035 904 aat
1060 846 1226 919 proditoris

201 936 349 1009 aupaeu
371 935 574 994 misericordia
596 928 814 995 commovetur.²
859 935 904 994 Ea
928 953 1045 1011 quoque
1074 935 1225 1012 legantur,

202 1043 284 1100 quae
308 1025 344 1083 de
368 1024 415 1085 off.
433 1024 450 1083 I
470 1025 511 1083 88
536 1024 622 1084 dicit:
654 1026 698 1083 Et
718 1029 816 1084 tamea
837 1027 881 1083 ita
897 1024 1057 1096 probaada
1080 1029 1122 1082 esi
1142 1041 1226 1082 aaa·

201 1114 327 1173 wetado
349 1118 435 1187 atque
462 1114 621 1189 durentia,
649 1119 683 1172 at
708 1115 883 1173 adhibeatur
908 1113 1108 1186 reipublicae
1135 1129 1227 1172 caasa

202 1205 355 1272 seueritas,
381 1205 445 1262 siae
472 1220 532 1275 qua
554 1203 759 1263 administrari
785 1205 889 1263 ciuitas
910 1219 971 1260 aaa
988 1206 1089 1275 potest.
1136 1201 1227 1260 Deni-

204 1311 264 1368 que
292 1311 387 1367 aeque
414 1294 505 1368 atque
528 1291 654 1351 Antonii
677 1296 783 1352 auctor
802 1293 831 1366 8,
847 1294 888 1351 26
909 1287 975 1368 (17,
995 1292 1036 1349 23
1057 1283 1092 1371 S)
1116 1294 1226 1365 monet,

202 1401 241 1440 ne
270 1383 466 1458 magistratus
498 1380 674 1441 erudelitate
706 1383 740 1439 in
771 1380 923 1456 puniendo
951 1382 1090 1454 utantur,
1124 1378 1226 1438 Cicero

202 1473 283 1530 iram
311 1469 446 1529 adhiberi
468 1472 565 1543 vetat,
593 1490 661 1530 oum
687 1469 724 1528 de
752 1471 800 1529 off.
819 1469 836 1528 I
855 1471 896 1529 89
925 1469 1012 1528 dicit:
1039 1469 1227 1528 Prohibenda

204 1564 304 1620 autera
329 1561 456 1618 uautue
484 1564 525 1618 est
550 1563 599 1618 ira
625 1561 659 1618 iu
680 1560 842 1633 uuuieado,
874 1561 904 1617 et
931 1560 1026 1634 optat,
1055 1563 1089 1616 at
1114 1560 1146 1626 ii,
1176 1561 1228 1631 qui

199 1653 351 1723 praesunt
371 1650 416 1708 rei
433 1649 580 1722 pubicae,
603 1650 698 1722 lecara
720 1649 831 1707 similes
852 1650 920 1725 sr‘ut,
943 1664 1018 1721 qaae
1041 1647 1081 1706 ad
1098 1649 1226 1720 pauiea-

204 1739 278 1798 dum
299 1755 360 1796 aou
380 1738 549 1807 iracaudia‚
571 1738 622 1796 sed
644 1740 789 1812 aequitate
811 1737 967 1797 dacuatar.

296 1825 362 1885 Iam
380 1826 417 1886 de
434 1845 521 1903 pace
544 1827 656 1886 similia
673 1829 834 1903 praecepta
853 1829 943 1902 atque
962 1825 1043 1901 apud
1061 1825 1228 1885 Antonium

208 1918 319 1991 12,31
346 1907 417 1996 (18,
444 1918 484 1975 10
509 1907 544 1997 S)
578 1916 631 1975 dat
659 1915 775 1990 Cicero,
809 1917 861 1992 qui
893 1916 929 1974 de
957 1915 1004 1974 oli.
1028 1913 1044 1972 I
1068 1915 1125 1973 35:
1156 1914 1227 1972 Sas-

204 2006 342 2080 cipieuda
364 2005 464 2080 inquit
486 2005 601 2078 quidem
623 2005 697 2064 bella
720 2010 790 2064 saut
812 2005 846 2063 ob
870 2022 934 2063 cara
957 2021 1087 2072 causare,
1109 2009 1143 2062 at
1163 2007 1228 2063 sr'ae

204 2097 321 2154 iuiaria
343 2097 377 2152 iu
393 2113 470 2168 paee
492 2097 622 2170 oioatar,
647 2098 677 2153 et
698 2094 823 2152 ibidem:
848 2095 920 2154 Mea
943 2094 1060 2166 quidera
1086 2095 1228 2152 seateutia

201 2186 282 2259 paci,
301 2201 376 2259 qaae
388 2175 467 2244 aitil'
480 2183 619 2244 euacua
632 2185 671 2243 sit
686 2184 875 2253 insidiarum,
894 2200 1006 2256 seraper
1021 2186 1062 2241 est
1079 2183 1228 2243 coasulea

206 2276 285 2333 dara.
308 2273 452 2333 Eiusdem
470 2273 547 2333 addo
565 2275 744 2333 sententiam
763 2292 839 2350 quae
853 2272 966 2350 legitur
984 2271 1070 2330 ibdl
1085 2273 1141 2331 80:
1159 2273 1228 2330 Ba-

206 2364 326 2422 turrita
339 2365 527 2440 suscipiatur,
545 2367 579 2421 at
591 2364 666 2422 aiiii
679 2363 765 2422 atiud
777 2364 838 2422 aisi
852 2379 918 2435 pau
934 2363 1066 2434 quaesita
1083 2361 1227 2419 uideatur.

296 2451 384 2511 Nunc
406 2452 561 2512 veniamus
584 2451 623 2510 ad
647 2451 929 2524 affabilitatem,
957 2450 993 2509 de
1022 2468 1082 2525 qua
1105 2449 1227 2508 Tullum

207 2543 304 2618 egisse
318 2540 468 2600 Antonius
489 2542 539 2615 14,
556 2532 679 2621 13(19,
696 2542 736 2600 18
754 2538 787 2617 S)
807 2542 945 2600 testatur.
987 2538 1083 2607 Quam
1107 2539 1145 2598 ad
1164 2559 1226 2598 rem

208 2630 380 2689 conferendi
407 2633 478 2689 sunt
504 2630 641 2689 nonnulli
670 2629 819 2689 Ciceronis
846 2630 914 2689 loci.
959 2629 1051 2687 Velut
1082 2628 1117 2685 de
1141 2628 1228 2686 off.I

208 2720 250 2778 88
275 2719 361 2778 dicit:
398 2720 438 2777 Ia
465 2719 565 2778 liberis
586 2737 654 2778 aero
671 2720 793 2793 populis
817 2721 896 2777 etia
922 2721 999 2778 iuris
1022 2718 1227 2789 aequabilitate

207 2810 368 2869 eauceada
390 2810 478 2867 etiarn
501 2812 543 2867 est
563 2810 695 2882 facilitas
714 2812 740 2867 et
757 2808 880 2866 altitudo
903 2809 997 2866 autari
1017 2824 1092 2880 qaae
1111 2806 1227 2880 dieitur,

207 2915 253 2967 ue,
281 2900 308 2957 si
334 2900 502 2957 irascamur
528 2902 582 2967 aut
607 2900 803 2971 iuterapestiae
830 2897 1029 2956 accedatibus
1058 2898 1228 2968 catiacu-

207 2988 308 3047 deuter
335 2988 513 3061 roqaatibas,
540 2989 574 3046 ia
600 2989 796 3046 morositatem
822 2987 955 3045 iuatiteru
979 2989 1005 3044 et
1026 2986 1159 3044 odiosam
1181 2987 1227 3043 iu-

208 3077 350 3135 atauus.
396 3074 542 3135 Similiter
569 3075 605 3134 de
637 3076 686 3134 off.
708 3074 740 3133 H
763 3076 820 3133 48:
853 3075 986 3149 Difficile
1017 3075 1117 3150 inquit
1148 3075 1227 3133 dicta

209 3171 251 3225 est
273 3170 449 3240 quautopere
476 3166 606 3224 comitia
632 3167 746 3224 auiuos
770 3166 890 3224 comitas
918 3164 1146 3237 adfabilitasque
1168 3181 1228 3222 ser·

206 3258 312 3314 monis.
366 3254 469 3313 Etiam
501 3273 603 3314 curam
634 3253 820 3313 utilitatis
853 3254 1063 3327 eommunis,
1101 3251 1136 3311 de
1169 3272 1228 3328 qua

209 3344 346 3421 loquitur
368 3343 494 3403 Antonii
520 3346 624 3403 auctor
648 3344 698 3418 18,
715 3346 756 3402 22
781 3335 849 3424 (20,
869 3344 911 3402 40
931 3335 966 3424 S)
990 3342 1039 3401 hio
1062 3340 1159 3401 obiter
1182 3344 1227 3400 at-

207 3435 339 3513 tingam3
371 3435 405 3492 ut
437 3433 546 3492 evadat
573 3433 770 3508 comparatio,
802 3433 851 3490 vel
879 3432 1036 3490 admonere
1069 3449 1226 3506 possumus

210 3521 382 3582 Ciceronem
404 3524 503 3597 ipsum
522 3541 553 3581 se
577 3522 769 3581 excellentem
788 3522 879 3580 fuisse
902 3523 934 3579 in
953 3539 1024 3579 eura
1042 3522 1228 3579 mercaturae

209 3610 307 3671 dicere
330 3629 385 3686 pro
407 3609 508 3670 Plane.
529 3613 580 3670 64.

300 3802 327 3868 1)
346 3798 379 3853 V⁴
394 3798 480 3853 etiam
500 3798 580 3853 Tusa.
595 3798 634 3852 III
648 3803 742 3866 20sq.3
761 3796 801 3851 IV
817 3804 857 3852 18.
