3000 4475
607 445 808 534 PaAEFATIO
1206 443 1231 497 V

210 592 361 654 Ciceronis
380 594 415 651 de
434 594 596 654 virtutibus
619 594 695 654 liber
714 594 838 653 Antonii
858 594 1049 671 temporibus,
1074 595 1229 668 disseram,

207 684 337 758 denique
360 684 447 742 huius
466 683 536 742 libri
558 683 727 760 fragmenta
751 684 899 759 colligam,
925 683 1023 759 quoad
1046 703 1081 742 ex
1104 684 1229 743 Antonii
1331 701 1333 706 ·

207 773 308 831 verbis
331 773 450 831 restitui
472 775 607 848 possunt.

179 900 191 912 ·
301 861 358 920 Sed
373 865 461 920 antea
479 861 626 920 monenda
645 864 715 920 sunt
733 862 813 920 haec.
845 860 994 920 Antonius
1014 861 1124 920 librum
1143 881 1229 921 suum

208 969 298 1026 quem
329 951 380 1009 La
402 949 512 1009 Saludc
542 950 721 1025 inscriptum
754 969 816 1009 esse
846 968 937 1025 supra
965 950 1094 1010 diximus
1122 951 1227 1010 Ioanni

209 1038 368 1098 Calabriae
391 1039 481 1114 Duci,
504 1040 615 1098 Renati
638 1039 757 1098 Siciliae
780 1041 859 1117 regis
882 1039 944 1097 filio
969 1039 1126 1098 dedicavit.
1170 1040 1229 1099 Hic

208 1128 337 1187 Ioannes
373 1130 469 1206 igitur
504 1131 530 1187 is
563 1132 621 1203 est,
661 1148 749 1205 quem
782 1128 958 1204 compluries
992 1130 1023 1185 in
1055 1148 1141 1204 opere
1175 1148 1228 1188 sno

209 1219 315 1276 auctor
337 1220 414 1276 Mon
436 1223 494 1276 tres
516 1217 654 1277 redocbtd
673 1220 807 1291 caparae*
837 1217 977 1294 appellat.
1024 1218 1065 1276 lllt
1087 1218 1229 1277 laudatur

192 1308 311 1365 ¹Tullus
343 1309 463 1383 praeter
493 1308 574 1366 locos
609 1308 706 1364 infra.
727 1325 878 1382 expressos
914 1309 947 1364 in
984 1306 1107 1366 Antonii
1141 1327 1228 1383 opere

208 1414 358 1472 nusquam
382 1388 472 1477 (teste
496 1395 717 1471 Scederhjelmo
739 1395 899 1471 chcersipt
920 1417 948 1472 p.
966 1388 1062 1476 laq).
1103 1396 1228 1455 Tradita

210 1487 312 1543 antem
345 1488 415 1544 sunt
441 1485 567 1543 Antonii
601 1485 690 1544 verba
722 1485 836 1544 duobus
868 1485 962 1560 libris,
995 1485 1094 1544 codice
1125 1505 1227 1544 manu·

211 1575 322 1648 scripto
351 1574 536 1632 Bruxellensi
561 1575 617 1647 18,
633 1576 697 1633 210
728 1594 817 1650 quem
846 1575 922 1651 siglo
951 1573 1169 1633 Anotavimus
1198 1579 1228 1634 et

210 1662 288 1721 libro
311 1665 392 1739 typis
417 1682 553 1739 expresso
577 1666 676 1722 vetere
700 1666 748 1721 cui
776 1663 808 1721 iu
836 1667 985 1739 apparatu
1008 1683 1095 1739 quem
1118 1666 1228 1723 vocant

209 1753 314 1811 critico
338 1756 383 1811 est
406 1753 515 1829 siglum
537 1752 563 1809 B
588 1752 730 1811 additum.
772 1751 904 1820 Quorum
926 1753 1069 1811 librorum
1094 1754 1170 1812 alter
1192 1773 1227 1813 ex

211 1840 305 1899 altero
337 1841 464 1917 pendere
494 1861 554 1900 non
581 1841 711 1916 videtur,
745 1860 805 1917 qua
835 1842 871 1900 de
897 1860 929 1899 re
958 1843 1135 1901 conferenda
1158 1847 1228 1901 sunt

210 1949 287 2004 quae
312 1930 548 2006 Soederhjelmus
575 1929 734 2005 chccrsipt
755 1951 784 2006 p.
805 1933 823 1989 2
849 1933 879 1989 et
902 1951 930 2006 p.
952 1932 1055 2006 resq.
1080 1933 1225 2006 exposuit.

210 2018 252 2077 nt
278 2038 354 2094 quae
386 2020 434 2078 hic
465 2019 513 2079 vir
544 2020 647 2080 doctus
679 2021 807 2079 correxit
836 2022 889 2078 aut
921 2019 1048 2079 coniecit
1074 2021 1177 2079 littera
1207 2020 1226 2078 S

210 2108 335 2186 signavi.
381 2109 491 2168 Noster
524 2112 623 2167 autem
650 2111 748 2167 textus
782 2127 962 2185 quamquam
994 2110 1026 2166 in
1054 2112 1226 2169 universum

210 2216 244 2255 ex
275 2197 374 2257 codice
404 2217 458 2258 ms.
473 2258 475 2265 ,
489 2190 546 2280 (A)
573 2198 695 2275 pendet,
725 2203 826 2258 tamen
857 2198 974 2273 aliquot
1002 2196 1075 2258 locis
1104 2199 1226 2259 dubium

209 2306 269 2346 non
297 2290 342 2345 est
372 2290 445 2362 quin
470 2288 547 2347 liber
573 2290 656 2364 typis
684 2306 837 2364 expressus
862 2279 917 2368 (B)
945 2288 1087 2346 maiorem
1116 2289 1227 2348 habeat

210 2377 428 2435 auctoritatem.
474 2377 634 2435 Praeterea
657 2381 691 2435 ut
713 2377 835 2436 mendas
860 2378 1105 2453 orthographicas
1130 2379 1225 2453 omisi,

209 2462 253 2523 ita
276 2484 326 2524 eas
354 2465 491 2526 lectionis
516 2468 678 2526 varietates
702 2466 811 2525 addere
834 2466 907 2525 satis
935 2466 1039 2538 habui,
1067 2485 1143 2542 quae
1172 2468 1225 2526 ali·
1248 2525 1268 2541 s

209 2556 293 2612 cuius
327 2560 397 2613 sunt
425 2557 582 2629 momenti,
615 2574 682 2613 cum
709 2555 839 2631 reliquas
869 2555 948 2631 apud
973 2554 1226 2631 Soederhjelmum

209 2641 352 2702 invenias.
406 2644 509 2719 Neque
543 2643 589 2702 ea'
605 2646 723 2723 neglexi
757 2645 961 2703 additamenta
994 2663 1069 2721 quae
1103 2644 1225 2704 Soeder·

209 2730 335 2808 hjelmus
359 2734 390 2790 in
413 2733 489 2791 libro
512 2735 574 2792 iam
587 2752 687 2809 ¹supra
714 2734 837 2793 laudato
862 2735 915 2809 qui
941 2733 1115 2792 inscribitur
1136 2735 1225 2793 Notes

209 2838 262 2879 sur
283 2820 412 2880 Auiolae
434 2824 469 2881 dc
491 2824 522 2881 lo
543 2822 612 2881 Sole
634 2843 663 2897 p.
684 2824 724 2881 62
750 2823 817 2882 adn.
838 2824 856 2880 3
881 2823 1041 2899 supplevit.
1088 2822 1225 2882 Ceterum

208 2928 303 2986 neque
327 2911 457 2970 codicem
480 2931 575 2987 neque
599 2912 760 2971 editionem
784 2912 847 2988 ipse
870 2913 999 2988 inspexi,
1027 2912 1078 2971 sed
1103 2911 1224 2971 Soeder-

209 2998 312 3075 hjelmi
333 3000 437 3060 libello
460 3020 530 3060 usus
553 3004 668 3059 textum
691 3004 840 3061 constitui.
