3000 4475
248 440 289 504 72
558 439 591 492 11.
612 437 949 493 COMMENTATIONES
1007 491 1009 494 Α

247 589 495 666 quemadmodum
526 590 635 649 librum
668 591 866 666 compositum
898 609 960 650 esse
993 610 1143 666 quemque
1178 592 1267 652 fuisse

246 681 463 740 sententiarum
486 697 629 738 conexum
651 680 813 739 verisimile
836 681 883 737 sit.

278 812 280 815 -
336 767 485 828 Ciceronis
508 768 617 827 librum
635 770 727 828 fuisse
745 769 782 827 de
805 769 967 828 virtutibus
989 771 1144 828 testantur
1166 769 1265 829 Chari-

245 860 307 918 sius
331 863 362 916 et
379 858 575 936 Augustinus,
597 857 689 917 fuisse
708 856 744 916 de
763 861 906 932 quattuor
924 858 1086 917 virtutibus
1111 860 1266 920 contendit

245 941 472 1022 Hieronymusl.
518 947 560 1005 Et
581 947 731 1006 Antonius
754 951 855 1006 noster
878 947 965 1005 affert
987 949 1153 1006 sententias
1178 952 1209 1007 et
1232 969 1264 1006 er

244 1037 300 1095 illa
321 1040 417 1112 parte,
441 1055 516 1111 quae
539 1035 632 1094 fuerit
654 1035 689 1094 de
707 1037 826 1094 iustitia
849 1038 935 1094 etex
958 1037 1118 1109 cboppiltrc
1142 1039 1179 1096 dc
1201 1055 1265 1096 cora.

245 1128 364 1185 ticenae.
409 1124 476 1184 Huc
499 1129 599 1184 autem
622 1143 689 1183 cum
712 1124 843 1200 accedat,
867 1125 946 1200 quod
970 1124 1071 1184 Cicero
1096 1127 1165 1185 aliis
1190 1147 1262 1203 quo-

246 1235 303 1290 que
321 1215 393 1274 locis
413 1217 556 1290 quattuor
573 1215 700 1273 virtutes
719 1206 896 1289 acceperit²,
914 1213 1051 1289 equidem
1069 1233 1131 1274 nou
1151 1215 1263 1289 dubito,

245 1306 318 1379 quin
344 1304 435 1362 fuerit
461 1303 513 1362 ille
541 1303 770 1362 commentarius
798 1303 834 1361 de
858 1307 1001 1378 quattuor
1027 1304 1206 1380 virtutibus,
1233 1305 1262 1363 id

246 1393 325 1468 quod
348 1395 410 1451 iam
432 1410 523 1468 supra
546 1385 588 1471 (p.
605 1385 661 1472 55)
686 1385 815 1452 censui⁸

334 1482 362 1539 A
385 1500 445 1556 qua
467 1483 617 1540 sententia
639 1480 806 1556 discrepare
830 1482 961 1557 ridetur,
989 1480 1067 1557 quod
1096 1483 1178 1557 apud
1201 1482 1261 1541 An-

244 1573 361 1631 tonium
380 1575 446 1629 octo
469 1589 516 1630 res
536 1572 813 1645 commemorantur,
837 1570 943 1646 quibus
966 1571 1097 1647 principi
1115 1589 1192 1648 opus
1216 1574 1261 1630 sit.

244 1659 287 1718 At
316 1678 416 1719 omnes
447 1660 502 1718 has
534 1676 580 1717 res
613 1659 651 1717 ad
681 1660 828 1720 iustitiam
865 1662 1013 1734 pertinere
1050 1679 1085 1719 ex
1122 1664 1263 1720 contextu

245 1751 413 1808 accuratius
453 1748 584 1824 perlecto
625 1749 713 1807 facile
755 1751 951 1826 cognoscitur.
1002 1748 1142 1808 Iustitiae
1185 1752 1262 1809 enim

245 1839 372 1896 alterum
404 1855 496 1914 genus
525 1837 557 1894 in
585 1837 699 1915 agendo
727 1840 808 1897 cerni
835 1839 915 1914 apud
941 1838 1106 1898 Antonium
1136 1857 1262 1898 comme-

244 1929 386 1985 moratur.
432 1927 474 1985 Et
502 1927 659 2002 principis,
691 1929 744 2002 qui
774 1927 852 1986 iuste
881 1928 955 2005 agit,
988 1930 1033 1986 est
1059 1927 1264 1987 misericordia

244 2017 302 2091 uti,
331 2034 435 2091 pacem
459 2034 590 2091 servare,
618 2018 697 2075 cives
725 2016 851 2094 benigne
874 2018 1019 2091 recipere,
1046 2018 1263 2077 mercatoribus

244 2105 353 2180 favere,
372 2105 452 2180 quod
469 2105 688 2182 negotiationes
708 2105 823 2164 civibus
843 2106 996 2165 commodo
1016 2110 1095 2180 sunt,
1115 2107 1263 2166 tributum

245 2212 334 2270 quam
361 2194 512 2255 rarissime
540 2195 704 2272 imponere,
735 2196 918 2255 armentum
950 2194 1065 2256 civibus
1097 2196 1263 2273 providere,

243 2283 354 2342 bonum
371 2284 524 2359 publicum
543 2303 661 2362 augere,
679 2284 814 2343 libertati
832 2285 964 2344 civitatis
983 2286 1143 2345 consulere.
1183 2286 1263 2364 Ergo

244 2376 311 2433 oeto
329 2374 400 2432 illae
418 2393 465 2432 res
484 2392 544 2432 non
562 2376 655 2432 totius
670 2374 740 2431 libri
760 2376 829 2432 sunt
847 2378 957 2450 partes,
976 2374 1027 2433 sed
1045 2376 1134 2434 unius
1155 2378 1264 2452 capitis

245 2462 323 2537 quod
342 2466 407 2521 erat
425 2463 461 2521 de
478 2465 603 2521 iustitia.
642 2462 691 2521 Sic
709 2468 810 2522 autem
829 2481 916 2538 saepe
931 2462 1032 2522 Cicero
1050 2466 1263 2524 tractationem

243 2553 397 2625 materiae,
416 2570 492 2627 quae
506 2552 538 2609 in
551 2552 742 2628 philosophia
755 2557 900 2625 versatur,
918 2553 1060 2627 instituit
1078 2556 1114 2612 ut
1131 2555 1263 2629 primum

243 2660 306 2699 rem
320 2640 351 2697 in
371 2640 543 2700 universum
558 2640 689 2713 definiat,
710 2640 816 2700 deiude
835 2660 870 2698 ex
888 2642 943 2700 illa
957 2661 989 2700 re
1009 2642 1143 2719 singulas
1160 2645 1263 2719 partes

244 2728 341 2803 ducat,
355 2733 391 2788 ut
405 2750 432 2788 v.
443 2748 467 2788 o,
477 2730 513 2788 de
528 2730 575 2788 off.
585 2729 600 2788 I
612 2732 629 2786 7
646 2733 715 2806 post
731 2729 934 2789 definitionem
948 2730 1067 2789 demum
1080 2750 1127 2790 res
1142 2733 1263 2792 uberius

242 2821 397 2878 tractatur
431 2817 527 2887 Quam
546 2819 582 2877 ob
605 2838 668 2877 rem
686 2821 717 2877 in
737 2822 834 2895 eapite
855 2819 1017 2894 quoderat
1039 2820 1076 2879 de
1093 2822 1214 2881 iustitia
1232 2823 1263 2879 in

242 2909 330 2966 initio
359 2928 377 2967 a
405 2907 544 2967 Cicerone
576 2909 724 2968 iustitiam
755 2908 908 2968 definitam
935 2910 1026 2968 fuisse
1054 2909 1118 2969 iure
1147 2929 1263 2971 sumere

243 2991 429 3073 possumus4,
453 3003 518 3056 tum
536 3017 571 3056 ex
590 3016 625 3055 ea
650 2998 769 3075 singula
786 3001 947 3074 praecepta
964 2997 1054 3059 ducta
1072 3000 1165 3059 fuisse
1184 3004 1263 3059 recte

243 3086 360 3164 agendi,
387 3084 454 3164 περὶ
477 3084 511 3145 τὰ
534 3086 719 3163 καθήκοντα,
748 3089 783 3144 ut
807 3086 975 3146 Stoicorum
998 3088 1143 3147 vocabulo
1167 3081 1264 3149 utau⁵

243 3176 356 3235 Eodem
380 3176 442 3235 fere
461 3175 549 3235 modo
569 3194 604 3233 ex
622 3195 683 3234 una
700 3175 812 3234 virtute
832 3176 950 3254 singula
969 3176 1068 3236 officia
1086 3180 1264 3253 repetuntur

242 3265 274 3322 in
298 3263 447 3325 Ciceronis
471 3265 548 3325 libro
571 3264 607 3323 de
630 3264 736 3323 officiis
761 3267 941 3341 conscript03
970 3268 1000 3324 et
1022 3266 1171 3341 imprimis
1196 3286 1263 3327 cum

333 3456 358 3520 1)
377 3452 410 3506 V.
426 3470 510 3521 supra
528 3471 555 3522 p.
571 3456 613 3505 40.
724 3454 750 3519 2)
770 3450 812 3507 De
836 3469 893 3521 qua
915 3468 945 3505 re
969 3452 1152 3507 disseruimus
1176 3472 1204 3523 p.
1219 3459 1261 3507 59.

242 3527 269 3592 3)
288 3524 372 3579 Liber
390 3527 484 3577 autem
501 3524 654 3591 inscriptus
672 3522 760 3577 fuisse
775 3523 886 3577 videtur
900 3525 944 3578 De
956 3525 1112 3590 uirtutebus,
1132 3526 1208 3594 quod
1221 3525 1263 3578 ita

242 3612 259 3648 a
275 3594 401 3649 Charisio
416 3599 444 3648 et
457 3594 615 3664 Augustino
631 3597 727 3663 (supra
739 3613 767 3664 p.
778 3598 823 3664 40)
838 3594 978 3662 laudatur,
998 3612 1061 3649 cum
1074 3596 1261 3666 Hieronymus

241 3683 298 3719 non
315 3666 382 3719 libri
400 3666 523 3730 titulum,
543 3666 592 3720 sed
611 3669 808 3735 argumentum
826 3666 920 3735 potius
941 3669 1057 3736 spectet.
1145 3670 1172 3738 4)
1192 3667 1260 3722 Con-

241 3737 372 3803 feramus,
388 3753 460 3805 quae
476 3737 602 3791 definitio
616 3736 744 3791 iustitiae
760 3753 777 3789 a
791 3736 923 3791 Cicerone
943 3738 977 3791 de
996 3738 1052 3793 inv.
1063 3738 1088 3792 Π
1099 3745 1151 3793 160
1171 3740 1259 3793 detur.

241 3811 267 3878 5)
283 3808 338 3862 Cic.
355 3808 389 3863 de
409 3808 454 3861 off.
469 3808 482 3861 I
497 3814 522 3875 8,
542 3808 576 3861 de
594 3809 641 3862 tin.
656 3808 695 3861 III
711 3814 752 3862 20.
