3000 4475
299 404 349 470 64
616 404 649 460 11.
669 402 1006 459 COMMENTATIONES

377 655 418 738 Β)
443 661 613 722 Ciceronem
636 663 770 722 Antonio
794 666 946 722 auctorem
968 619 1061 722 fuisse
1084 662 1251 741 colligitur.

391 787 479 847 Nunc
511 789 686 864 priusquam
717 787 800 861 inde,
833 788 912 863 quod
939 786 1089 846 Antonius
1122 786 1159 846 de
1191 786 1238 868 la,
1257 786 1312 845 Salo

297 877 465 936 sententias
489 896 558 936 suas
580 877 612 936 in
636 876 736 936 Tulli
762 877 840 936 libro
869 878 921 952 qui
949 877 1026 936 esset
1053 877 1088 935 dc
1110 877 1270 936 uirtutibus
1289 893 1311 934 se

298 965 410 1042 legisse
433 965 577 1040 affirmat,
605 986 673 1025 oum
699 986 732 1025 re
759 985 831 1024 vera
858 967 913 1024 tali
940 965 1018 1025 libro
1041 984 1129 1025 usum
1152 983 1217 1025 csse
1241 963 1309 1025 colli·

297 1073 417 1132 gamus,
436 1055 637 1130 quaerendum
655 1055 740 1114 nobis
760 1057 813 1128 est,
832 1073 910 1130 quae
929 1057 969 1114 sit
986 1053 1119 1114 Antonio
1138 1053 1213 1114 fides
1232 1057 1313 1130 atque

298 1146 468 1203 auctoritas
491 1145 524 1203 in
546 1145 741 1220 scriptoribus
766 1145 898 1219 antiquis
925 1143 1093 1204 laudandis.
1140 1143 1240 1213 Quare
1261 1143 1312 1219 pri·

300 1253 384 1292 mum
408 1233 445 1292 dc
468 1233 505 1292 iis
525 1233 718 1308 scriptoribus
738 1251 812 1309 quos
834 1233 866 1291 in
888 1234 945 1292 hoc
966 1232 1044 1293 libro
1062 1234 1184 1310 praeter
1202 1232 1312 1290 Tullum

300 1323 390 1381 affert
413 1340 543 1399 agemus,
566 1322 672 1380 deinde
696 1341 731 1380 ea
754 1321 958 1397 tractabimus,
983 1341 1058 1397 quae
1083 1320 1312 1397 Soederhjelmus

302 1412 339 1470 de
363 1411 558 1486 scriptoribus
582 1411 714 1486 antiquis
738 1411 775 1470 ab
794 1411 926 1471 Antonio
945 1410 1072 1489 cognitis
1091 1411 1232 1486 exposuit
1254 1427 1312 1468 cum

299 1501 333 1558 'in
352 1500 537 1576 ephemeride
557 1518 634 1576 quae
652 1499 827 1559 inscribitur
847 1499 1007 1574 chocrsu'pt
1024 1501 1063 1572 uf
1079 1499 1203 1558 Ftusku
1223 1499 1311 1558 Vuu-

297 1589 572 1662 stups·Sooicteteus
599 1589 857 1662 Foerbuudtiupur
883 1588 980 1648 XLVI
1010 1590 1064 1663 18,
1091 1591 1157 1646 tum
1185 1588 1217 1646 in
1244 1588 1310 1646 libro

301 1679 356 1754 qui
386 1680 546 1755 inscriptus
578 1682 623 1738 est
651 1678 741 1737 Notos
768 1696 821 1737 sur
849 1675 975 1737 Autoiuc
1006 1679 1041 1737 dc
1068 1678 1099 1736 tu
1126 1676 1196 1737 Sole
1224 1681 1250 1736 ct
1274 1693 1311 1735 scs

298 1785 424 1826 cuorus.

392 1856 531 1934 Agedum
553 1857 716 1916 rideamus.
763 1855 846 1915 Dicit
867 1857 1017 1915 Antonius
1036 1857 1066 1930 4,
1082 1857 1123 1915 28
1144 1847 1213 1936 (16,
1229 1856 1269 1914 10
1283 1845 1312 1932 S)

300 1944 448 2005 Senecam
474 1945 506 2003 in
534 1949 617 2005 sexto
640 1944 717 2006 libro
740 1946 776 2004 dc
800 1946 950 2005 beneficiis
979 1945 1147 2020 conscripto
1176 1947 1265 2020 atque
1286 1945 1313 2001 in

300 2036 401 2110 capite
424 2034 495 2093 XXI
518 2053 635 2094 censere
658 2054 774 2110 eorum,
804 2037 857 2110 qui
879 2037 912 2093 in
930 2052 1060 2093 summos
1089 2035 1187 2092 status
1210 2033 1313 2093 sublati

299 2126 377 2198 sint,
409 2124 486 2182 nihil
513 2124 608 2199 pluris
637 2125 780 2183 interesse
811 2143 902 2199 quam
932 2143 1036 2184 verum
1063 2122 1137 2199 ipsis
1168 2122 1236 2182 dici.
1279 2120 1313 2179 u

299 2213 395 2273 talem
423 2216 601 2274 sententiam
633 2213 736 2274 eodem
768 2214 829 2273 tero
862 2213 937 2289 loco,
969 2231 1029 2290 quo
1057 2210 1209 2272 Antonius
1239 2211 1312 2284 dicit,

299 2304 433 2362 inveniri
457 2302 694 2379 Soederhjelmus
715 2303 877 2377 choerstpt
898 2323 926 2379 p.
948 2304 989 2362 10
1012 2304 1092 2361 recte
1120 2301 1197 2360 mihi
1225 2304 1311 2360 oston-

300 2392 381 2451 dissc
417 2392 544 2451 videtur.
603 2392 686 2451 Dicit
730 2394 809 2451 enim
852 2391 963 2451 Seneca
1004 2391 1040 2450 dc
1076 2390 1173 2450 benef.
1197 2390 1242 2449 VI
1265 2390 1311 2449 33:

309 2482 409 2549 Vidua,
442 2499 530 2554 quom
561 2482 649 2553 focile
682 2484 722 2540 sit
749 2484 879 2556 prutioru
914 2481 1024 2553 referre
1060 2481 1195 2553 feticibus
1232 2483 1258 2538 et
1285 2480 1312 2537 iu

299 2588 414 2629 summo
444 2572 642 2630 dromonorum
673 2588 761 2644 opuuu
787 2573 901 2643 positis,
956 2570 1014 2628 Dic
1045 2570 1118 2637 illis,
1150 2586 1212 2627 uou
1243 2566 1312 2642 quod

302 2660 404 2718 coluut
434 2660 546 2728 audire,
578 2661 629 2718 sul
660 2661 737 2732 quod
768 2659 888 2718 audisse
919 2676 1031 2731 semper
1063 2659 1165 2716 volout.
1211 2658 1313 2716 Pauus

299 2766 392 2808 cures
406 2748 625 2807 adulationibus
643 2750 803 2822 otiquouolo
822 2766 892 2806 auu
914 2765 970 2806 uou
988 2750 1089 2806 iutrct:
1109 2747 1150 2805 du
1168 2747 1314 2805 consilius

302 2838 381 2897 utile.
428 2836 496 2896 Sira
520 2840 674 2897 contextus
702 2841 803 2897 noster
829 2838 861 2895 in
890 2836 1036 2896 afferendo
1061 2836 1168 2911 capitis
1197 2851 1314 2894 numero

303 2926 426 3004 paulum
450 2930 606 3002 corruptus
630 2930 687 3001 est,
716 2926 796 3002 quod
822 2945 892 2985 vcro
920 2926 1043 3001 propius
1072 2927 1124 2999 sit,
1155 2923 1219 2983 siue
1246 2923 1316 2981 liber

300 3016 341 3074 ab
377 3014 509 3074 Antonio
547 3016 698 3074 adhibitus
736 3015 828 3074 aliam
863 3014 970 3075 habuit
1009 3014 1142 3089 capitum
1179 3011 1315 3073 distribu-

303 3098 443 3182 tioneml,
465 3105 544 3163 hunc
566 3106 666 3164 locum
685 3104 722 3163 ab
740 3104 872 3163 Antonio
892 3107 1061 3179 spectatum
1079 3121 1142 3162 esse
1164 3121 1234 3161 cum
1252 3100 1315 3160 Soc·

303 3194 468 3268 derhjelmo
487 3212 600 3253 censeo.
632 3194 723 3253 Adice
737 3193 817 3269 quod
833 3196 936 3253 auctor
949 3195 1051 3251 noster
1065 3193 1156 3269 paulo
1176 3195 1246 3267 post
1261 3192 1313 3265 6,1

301 3277 372 3363 (16,
398 3283 437 3340 15
463 3275 497 3363 S)
526 3284 704 3343 sententiam
737 3282 823 3341 affert
850 3302 884 3341 ex
912 3282 1061 3341 Politiois:
1094 3299 1129 3339 eu
1156 3282 1315 3340 Potutu-

304 3389 388 3445 qucs
415 3388 453 3429 ou
481 3374 549 3430 tius
578 3374 650 3431 liure
674 3377 700 3431 et
721 3389 760 3429 ou
784 3372 830 3429 Xe
854 3373 1001 3445 otupilbu,
1029 3372 1077 3430 cui
1105 3370 1235 3430 similem
1259 3388 1316 3428 sen·

395 3562 421 3627 1)
439 3558 640 3613 Vetustissima
659 3558 773 3626 quidem
788 3558 909 3612 Senecae
928 3557 1024 3625 editio,
1044 3557 1205 3626 quaemihi
1224 3556 1255 3611 in
1268 3556 1317 3609 hac

303 3628 476 3684 bibliotheca
495 3630 621 3685 (dissensi
640 3634 757 3699 praesto
777 3629 833 3683 fuit
857 3632 885 3685 ot
904 3630 1007 3683 omissa
1031 3631 1075 3683 ost
1093 3628 1222 3684 Venetiis
1244 3631 1317 3691 1490,

302 3701 459 3842 {aguliam
482 3702 569 3756 habet
592 3702 718 3772 capitum
741 3700 970 3756 distributionem
990 3701 1075 3768 atquc
1098 3700 1166 3754 libri
1185 3697 1317 3756 nostratis
