3000 4475
293 434 335 498 76
615 435 649 492 Π.
669 433 1007 492 COMMENTATIONES

291 589 342 644 tur
368 585 534 647 Antonium
562 585 711 648 Ciceronis
743 589 853 647 librum
886 585 1087 663 exscripsisse,
1119 605 1190 645 cum
1218 587 1311 647 verbis

292 675 526 753 Francogallicis
544 677 593 737 rel
612 679 749 737 accurate
769 677 919 739 conversis
937 674 1088 735 interdum
1107 675 1201 735 facile
1220 675 1310 751 perio-

292 762 347 823 dus
376 783 451 839 quae
479 769 604 825 vocatur
630 766 728 827 latina
755 766 817 827 fiet.
863 767 919 825 llst
945 765 1039 842 igitur
1066 764 1165 824 solum
1190 767 1311 824 conatus

291 855 400 921 instar,
425 855 506 929 quod
526 855 696 933 fragmenta
717 856 773 915 illa
791 855 930 915 converti.
968 854 1009 912 ut
1031 872 1218 929 quamquam
1241 855 1311 914 mihi

292 943 454 1001 verendum
477 945 549 1019 erit,
572 963 609 1002 ne
632 946 766 1021 graviter
787 947 953 1020 vituperer,
976 942 1056 1018 quod
1078 961 1167 1003 voces
1191 942 1230 1001 ab
1255 942 1310 1001 An-

289 1032 374 1090 tonio
392 1032 526 1107 prolatas
549 1052 609 1093 non
631 1036 765 1111 integras
788 1034 895 1110 recepi,
917 1035 1019 1091 tamen
1037 1031 1127 1096 aliter
1144 1050 1238 1110 egere
1257 1052 1312 1091 non

291 1123 434 1195 poteram.
464 1121 544 1181 Nam
563 1141 665 1182 omnes
683 1123 744 1181 fere
763 1125 863 1198 partes
878 1140 952 1198 quas
970 1120 1152 1180 Antoniuse
1174 1119 1312 1181 Cicerone

291 1212 431 1285 sumpsit,
458 1213 494 1269 ut
520 1211 678 1287 paululum
704 1214 839 1271 mutatae
866 1213 974 1271 iterum
1003 1210 1052 1269 hic
1078 1209 1123 1268 ibi
1150 1211 1312 1269 mutandae

291 1301 389 1373 erant3
422 1319 481 1376 quo
510 1303 610 1360 autem
637 1301 725 1360 modo
752 1301 810 1360 hoe
837 1298 986 1359 facerem}>
1031 1298 1189 1375 Linguene
1217 1299 1312 1358 latina

290 1406 384 1462 parva
402 1389 456 1446 illa
475 1389 613 1448 adderem
630 1391 791 1450 insererem
810 1389 966 1463 demerem,
985 1407 1025 1446 en
1042 1388 1165 1464 linguae
1184 1388 1311 1446 Franco-

290 1477 417 1552 gallicae
440 1496 476 1535 ea
498 1478 625 1537 dialecto
650 1498 710 1554 qua
732 1498 803 1539 usus
827 1482 873 1537 est
895 1475 1064 1537 Antonius?
1100 1477 1195 1536 Vides
1224 1496 1310 1552 quam

290 1567 428 1640 ineptum
449 1568 608 1644 utrumque
627 1570 675 1627 sit.
713 1567 851 1627 Ceterum
869 1567 1047 1643 quicumque
1065 1566 1145 1625 hunc
1159 1566 1310 1644 ‘fragmen-

290 1657 390 1713 torum
402 1654 636 1732 colligendorum
650 1657 772 1717 modum
785 1657 909 1732 respuit,
923 1655 1068 1731 inspicere
1081 1657 1184 1729 potest
1197 1672 1311 1731 semper

290 1745 418 1801 Antonii
439 1745 535 1819 ipsius
557 1744 679 1820 librum,
702 1749 786 1806 cuius
808 1765 964 1804 nnmerum
988 1744 1114 1821 singulis
1132 1743 1310 1822 fragmentis

289 1830 467 1892 addidimus.

380 1920 417 1978 In
446 1923 623 2000 fragmentis
652 1927 752 1983 autem
783 1943 819 1982 ex
845 1923 977 1981 Antonio
1008 1920 1199 1998 colligendis,
1230 1923 1309 1998 post·

294 2027 386 2084 quem
410 2029 458 2085 ea,
485 2030 562 2087 quae
590 2017 669 2072 certe
692 2015 846 2089 scriptoris
869 2009 1089 2089 Francogallici
1116 2027 1181 2069 esse
1205 2029 1310 2089 cogno-

290 2117 439 2173 veramus,
457 2119 548 2176 supra
566 2123 595 2178 p.
611 2104 724 2178 llsqq.
739 2102 922 2174 sustulimus,
940 2120 1000 2160 non
1018 2116 1115 2174 pauca
1134 2103 1214 2174 sunt,
1237 2118 1311 2175 quae

292 2191 393 2246 utrum
418 2188 567 2250 Ciceronis
596 2193 658 2251 sint
684 2210 790 2267 necne,
818 2189 951 2250 dubitari
979 2191 1093 2267 potest,
1119 2189 1267 2248 nonnulla
1293 2207 1309 2246 a

289 2280 434 2353 scriptore
456 2279 591 2341 Romano
615 2282 763 2359 originem
786 2280 892 2340 ducere
914 2279 1076 2338 verisimile
1100 2282 1158 2351 cst,
1187 2278 1240 2338 sed
1263 2278 1308 2337 de·

289 2370 450 2427 monstrari
472 2390 532 2429 non
555 2373 663 2447 potest.
708 2370 816 2446 Itaque
843 2373 984 2445 typorum
1008 2386 1115 2445 genere
1144 2367 1203 2427 duo
1230 2368 1307 2446 frag-

288 2459 457 2516 mentorum
485 2478 594 2535 genera
624 2462 670 2518 ita
696 2459 833 2533 distinxi,
864 2462 899 2517 ut
926 2459 1014 2516 rectis
1042 2456 1124 2533 typis
1152 2475 1202 2532 ea,
1234 2474 1308 2533 quae

289 2543 440 2604 Ciceronis
464 2565 526 2607 esse
549 2549 743 2607 manifestum
767 2551 820 2622 est,
843 2546 1042 2624 imprimenda
1064 2563 1209 2621 curarem,
1233 2546 1262 2604 h.
1285 2563 1306 2603 e.

289 2653 390 2693 omnes
414 2635 495 2695 locos
519 2655 593 2711 quos
613 2656 631 2696 a
651 2636 791 2696 Cicerone
813 2638 959 2713 originem
978 2634 1083 2693 ducere
1103 2653 1139 2692 ex
1161 2635 1210 2712 iis,
1235 2652 1307 2709 quae

289 2722 386 2783 adhuc
413 2726 615 2801 exposuimus,
644 2726 858 2785 conficiendum
885 2728 943 2799 est,
974 2723 1104 2799 obliquis
1128 2741 1199 2783 vero
1227 2724 1307 2800 typis

289 2814 319 2870 et
337 2831 382 2887 ee,
405 2832 481 2889 quae
502 2813 650 2875 Ciceronis
674 2834 737 2875 esse
756 2814 917 2874 verisimile
936 2816 989 2891 est,
1013 2816 1043 2871 et
1065 2812 1098 2869 in
1117 2811 1227 2887 quibus
1246 2831 1307 2871 sen·

288 2904 385 2960 tentia
409 2900 559 2964 Ciceronis
583 2908 641 2979 est,
665 2905 701 2964 de
723 2905 822 2964 verbis
845 2907 946 2962 autem
969 2904 1022 2960 aut
1050 2900 1087 2960 de
1109 2919 1219 2961 vocum
1242 2920 1306 2960 con·

288 2993 372 3049 textu
400 2991 531 3051 dubiteri
557 2996 671 3069 potest,
702 2996 787 3054 velut
812 2994 845 3051 in
873 2989 1093 3051 definitionibus
1122 2991 1305 3068 singularum

287 3080 443 3139 virtutum.
490 3082 555 3152 Qua
581 3083 613 3141 in
636 3103 668 3142 re
691 3084 808 3143 cautior
836 3100 926 3156 quem
949 3080 1090 3139 audacior
1116 3097 1179 3139 esse
1206 3078 1305 3138 malui.

288 3166 417 3229 Omnino
449 3174 548 3231 autem
581 3191 641 3231 non
673 3189 852 3248 unaquaque
882 3172 915 3229 in
943 3188 975 3227 re
1006 3170 1094 3227 certis
1125 3168 1306 3247 argumentis

288 3258 448 3318 diiudicari
465 3279 561 3336 posse,
583 3264 684 3321 utrum
704 3258 854 3320 Ciceronis
875 3261 916 3318 sit
934 3277 1035 3332 necne,
1056 3276 1143 3315 nemo
1168 3259 1214 3316 cst
1237 3256 1304 3334 quin

287 3349 452 3427 intellegat.
491 3349 743 3411 Commentarium
758 3349 884 3425 denique
899 3347 1025 3426 singulis
1039 3346 1217 3423 fragmentis
1229 3345 1305 3404 infre

287 3456 415 3513 parvum
438 3440 549 3518 adieci3
576 3440 608 3498 in
632 3459 690 3516 quo
721 3442 793 3515 quin
821 3457 908 3514 saepe
936 3437 1077 3496 lectorem
1104 3434 1142 3494 ud
1166 3454 1203 3494 ea
1225 3452 1303 3495 revo-

285 3545 399 3601 carem,
428 3548 503 3603 quae
526 3532 588 3589 iam
611 3547 701 3605 supra
722 3530 932 3603 tractavimus,
960 3525 1104 3601 impedire
1128 3543 1188 3584 non
1212 3524 1302 3600 potui.

687 3756 902 3764 ———-—
