3000 4475
449 454 474 504 3.
492 450 542 504 DE
559 448 763 504 sommus
780 448 962 503 LAUDATIS
1175 449 1219 514 51

295 598 552 660 necessarum
575 604 606 658 et
623 601 830 675 Pompeium
853 605 1048 660 transeamus,
1087 601 1226 659 Breviter

196 690 297 751 velim
324 691 510 764 memineris,
545 690 617 765 quid
646 690 683 748 de
714 690 763 749 his
792 690 899 749 efferat
928 691 1077 750 Antonius
1107 691 1223 765 28,13

199 769 406 861 (24,138)ε
435 774 522 837 ‘Cum
550 778 660 838 Caesar
690 778 859 854 adveniret,
890 779 1020 855 populus
1047 779 1225 853 Pompeium

201 871 330 946 propter
356 868 500 926 frumenti
527 869 684 927 ceritatem
710 868 835 943 reliquit
862 872 893 926 et
920 886 939 925 e
961 866 1088 927 Caesare
1115 867 1225 942 stabat,

205 956 286 1033 quod
317 958 422 1016 stetim
453 958 597 1016 frumenti
626 958 788 1015 maximam
815 957 932 1032 copiam
959 976 975 1015 e
1003 955 1168 1034 (lampenis
1195 962 1227 1016 et

207 1044 349 1105 Sardinia
371 1046 581 1104 conferendam
604 1042 741 1104 eureret’
779 1045 823 1104 Ut
841 1047 986 1121 expressis
1004 1045 1102 1106 verbis
1124 1047 1225 1106 nullus

204 1134 337 1210 scriptor
354 1133 507 1194 Romanus
529 1139 652 1211 propter
674 1134 818 1193 frumenti
839 1137 974 1211 inopium
996 1138 1075 1195 cives
1098 1154 1117 1193 e
1138 1134 1226 1194 Pom-

202 1226 275 1301 peio
303 1224 463 1283 descivisse
490 1224 597 1298 trudit,
627 1227 672 1282 ite
699 1243 760 1282 non
786 1224 1035 1299 praetereundum
1061 1224 1136 1282 mihi
1163 1242 1226 1283 esse

199 1316 279 1391 puto
299 1310 469 1371 Ciceronem
495 1313 532 1370 ad
550 1314 687 1372 Atticum
703 1312 747 1371 IX
768 1314 797 1387 9,
817 1315 835 1371 2
855 1314 892 1371 de
915 1314 1004 1372 classi
1026 1332 1116 1389 quem
1138 1313 1224 1372 Pom·

198 1404 290 1479 peius
321 1403 466 1478 coegisset
488 1403 654 1477 scripsisse:
685 1401 789 1460 Omnis
814 1403 885 1461 laec
914 1403 1017 1461 classis
1045 1403 1089 1461 ad
1115 1405 1225 1461 iuter·

200 1491 400 1551 eludendos
437 1496 648 1550 commeatus
679 1492 816 1550 Italiac
852 1496 884 1550 et
919 1492 964 1550 ad
999 1492 1225 1565 occupandos

203 1582 469 1655 frumentarias
486 1582 697 1654 prouincias
720 1585 917 1654 coaeparatur.
963 1580 1004 1639 Et
1020 1600 1053 1638 re
1071 1600 1143 1639 vere
1160 1584 1226 1639 tum

206 1668 321 1729 Romae
344 1668 553 1727 difficultatem
581 1688 715 1727 annonae
742 1669 835 1727 fuisse
862 1688 948 1728 nemo
975 1688 1035 1727 non
1062 1671 1225 1748 intelleget,

206 1758 257 1834 qni
275 1758 411 1817 animum
430 1758 592 1816 attenderit
614 1758 653 1816 ed
676 1777 712 1817 ee
735 1776 812 1833 quae
834 1758 871 1816 de
895 1757 1020 1817 caesare
1043 1758 1224 1818 frumentum

204 1846 272 1906 urbi
295 1846 472 1923 providente
494 1848 654 1905 memoriae
678 1847 852 1923 produntur.
898 1848 939 1905 Et
961 1848 1107 1924 imprimis
1136 1848 1224 1907 adeas

201 1934 363 1997 Lucanum
385 1938 438 2012 qui
460 1936 497 1994 de
522 1936 647 1996 Oeesere
670 1937 744 1995 dicit
767 1936 814 1995 ΙΠ
834 1937 889 1994 52:

680 2080 758 2137 Tum
775 2083 891 2151 putore
913 2096 1002 2138 auras

296 2168 406 2241 expulit
428 2186 579 2228 armorum
596 2170 724 2243 pacique
746 2171 874 2227 laumas
898 2170 1001 2244 uyebat

295 2275 407 2332 quoque
429 2259 513 2317 modo
536 2275 628 2317 oauos
644 2259 751 2331 populu·
774 2261 899 2317 conciret
920 2275 1033 2318 amores

248 2367 277 2408 ss
294 2364 411 2422 cuorus
434 2352 460 2406 et
481 2350 598 2407 uarum
620 2364 727 2406 causas
750 2351 777 2405 et
798 2365 915 2405 summa
937 2348 1050 2420 fauoris

294 2453 437 2495 auuoua
459 2441 604 2496 morueuto
627 2437 713 2495 trahi.
759 2435 895 2509 Namque
918 2437 1028 2495 adserit
1049 2437 1136 2496 urbes

294 2526 360 2583 sola
381 2526 485 2597 sames,
509 2527 669 2599 emiturque
690 2530 791 2602 metus,
814 2544 880 2584 cum
901 2542 987 2598 seyme
1004 2530 1134 2599 potentes

294 2615 397 2687 colpus
419 2615 520 2686 aluum
541 2618 632 2674 nescit
648 2615 748 2688 plebes
770 2616 872 2673 iuuuo
894 2616 1001 2673 timere.

295 2703 387 2763 Curio
408 2702 547 2763 Sicanias
570 2703 772 2764 transceudere
795 2704 892 2761 iussus
915 2706 949 2762 m
970 2696 1080 2772 urbes¹,

294 2863 438 2937 Bellaque
460 2863 592 2923 Sardoas
615 2866 702 2923 etiam
724 2868 906 2937 spumeum·
928 2865 962 2922 iu
983 2880 1060 2922 oras.

246 2972 275 3014 es
301 2953 431 3027 Utraque
453 2955 609 3028 frugiferis
632 2957 674 3011 est
695 2954 796 3011 insula
818 2953 924 3011 mobilis
947 2955 1044 3024 uruis;

293 3059 346 3101 uec
364 3043 453 3115 prius
475 3043 654 3115 Hesperiam
677 3042 842 3116 loupmquis
864 3041 1005 3100 messibus
1028 3041 1106 3099 ullae

293 3148 347 3190 uec
369 3131 507 3190 Romana
530 3134 625 3205 mauis
648 3132 827 3204 cmupleruut
848 3131 954 3190 horrea
976 3135 1078 3189 terrac.

292 3289 453 3349 Praeterea
480 3291 549 3349 vide
576 3290 703 3348 Dionem
732 3288 867 3350 Gessium
890 3289 959 3348 XLI
984 3291 1038 3348 16:
1076 3293 1157 3348 σῖτον
1190 3286 1222 3349 ἐκ

200 3388 262 3440 τῶν
285 3378 388 3456 νήσων
411 3378 613 3456 μετεπέμψατο
637 3371 668 3458 (ὁ
691 3371 838 3459 Καῖσαρ),
867 3378 949 3438 Ceos.
971 3378 1040 3437 bell.
1064 3381 1117 3438 civ.
1137 3377 1221 3452 131,

201 3469 335 3546 Appian.
357 3467 425 3527 bell.
450 3471 504 3527 civ.
523 3467 555 3526 H
573 3470 626 3542 41,
649 3469 728 3528 Flor.
750 3467 783 3526 Π
804 3470 854 3542 13,
875 3470 925 3527 22,
972 3468 1012 3526 Et
1040 3487 1221 3543 quamquem

203 3557 401 3634 (lampenis
424 3557 461 3616 ab
485 3558 547 3617 illis
569 3576 629 3617 non
649 3557 779 3632 effertur,
802 3561 904 3616 tamen
926 3575 986 3617 non
1010 3557 1124 3632 dubito,
1148 3557 1220 3631 quin

201 3666 308 3706 verum
331 3649 371 3706 sit
394 3646 473 3722 quod
495 3646 644 3706 Antonius
666 3647 686 3705 l.
710 3648 728 3705 l.
754 3646 865 3724 attigit.
910 3646 989 3705 Nem
1013 3666 1047 3705 ex
1070 3665 1113 3724 ec,
1141 3646 1221 3722 quod
1343 3652 1353 3677 ¹

294 3818 321 3887 1)
340 3832 423 3870 eures
442 3818 467 3872 h.
482 3835 504 3872 e.
519 3833 581 3872 oras
606 3817 712 3874 Usener.

1025 3913 1040 3959 4
1046 3906 1059 3934 11
