3000 4475
649 456 850 515 CONCLUSIO
1217 457 1260 520 93

237 613 320 672 cives
344 612 382 670 iis
404 611 563 686 pecuniam
585 608 770 686 praebebunt
795 601 844 690 (fr.
867 601 930 690 16).
977 609 1018 666 Et
1035 607 1080 666 ita
1099 606 1261 668 servabunt

238 699 392 777 principes
425 699 556 759 civitatis
589 716 720 757 summas
749 698 844 775 leges,
877 697 1038 758 secundum
1067 715 1140 773 quas
1169 698 1260 754 etiam

239 791 368 848 mortem
392 791 532 865 oppetere
556 787 665 847 debent
686 806 741 864 pro
765 789 875 847 ciuium
898 785 995 846 salute
1019 777 1069 867 (fr.
1086 777 1150 863 17).
1184 785 1260 843 Tum

240 879 369 938 fortasse
397 878 433 936 de
460 878 571 937 civium
601 876 708 936 officiis
737 877 826 952 plura
853 875 1036 935 dicebantur.
1083 874 1142 934 sed
1169 876 1261 934 etiam

239 967 307 1026 fieri
330 969 440 1042 potuit,
462 969 498 1025 ut
520 969 640 1043 praeter
662 984 707 1040 ea,
730 983 807 1042 quae
827 965 923 1025 adhuc
940 965 1010 1024 huic
1033 963 1110 1023 libro
1133 965 1260 1023 infuisse

203 1082 209 1090 ·
240 1057 522 1132 demonstravimus,
544 1057 564 1115 i.
584 1074 608 1114 e.
631 1057 751 1131 praeter
773 1055 943 1132 fragmenta
961 1071 1053 1129 supra
1076 1053 1200 1115 collecta
1224 1053 1260 1111 de

240 1148 354 1205 civium
367 1145 486 1206 iustitia
499 1144 840 1204 multumdissereretur.
863 1143 1013 1202 Antonius
1028 1146 1137 1216 autem,
1154 1142 1206 1215 qui
1222 1141 1261 1200 ad

240 1234 409 1294 docendum
434 1236 600 1310 principem
627 1233 739 1292 librum
771 1252 856 1292 suum
885 1231 1064 1309 composuit,
1097 1250 1132 1290 ea
1164 1232 1261 1291 solum

240 1324 435 1398 exspoliavit,
473 1342 549 1400 quae
582 1322 621 1383 ad
656 1322 801 1399 principis
834 1321 933 1381 officia
965 1321 1165 1397 pertinebant.
1220 1320 1261 1379 Et

241 1415 363 1472 omnino
395 1413 545 1472 Antonius
577 1413 711 1490 singulas
738 1413 826 1471 huius
857 1410 929 1470 libri
963 1412 1125 1469 sententias
1157 1409 1260 1469 eadem
1359 1470 1360 1473 ,

240 1503 318 1561 serie
337 1501 499 1577 eodemque
518 1502 621 1575 ordine
640 1502 828 1579 exscripsisse
846 1500 921 1560 mihi
940 1499 1059 1576 quidem
1078 1498 1198 1559 videtur
1215 1502 1259 1558 at·

216 1614 218 1618 ·
240 1611 300 1667 qne
319 1590 478 1651 exstabant
496 1591 576 1668 apud
596 1590 776 1665 Ciceronem,
800 1589 880 1666 quod
898 1589 1114 1649 sententiarum
1133 1606 1260 1647 conexus

241 1701 276 1740 ex
301 1680 426 1740 Antonii
449 1699 537 1756 opere
559 1685 622 1739 tam
645 1679 733 1740 facile
758 1679 922 1739 conficitur.
968 1676 1081 1747 Quibus
1104 1678 1260 1737 sententiis

240 1789 310 1828 enm
325 1787 393 1830 suas
407 1788 523 1847 semper
536 1769 686 1828 addidisse
700 1787 792 1847 supra
809 1789 838 1844 p.
854 1770 894 1826 41
904 1787 967 1843 sqq.
983 1767 1260 1826 demonstravimus.

332 1858 377 1917 De
404 1858 528 1934 reliquis
558 1858 647 1919 huius
675 1858 745 1917 libri
775 1858 925 1934 pertibus,
956 1875 1031 1932 quae
1062 1853 1102 1914 ad
1128 1855 1259 1931 reliquas

240 1950 369 2007 virtutes
391 1947 590 2025 pertinebant,
613 1966 703 2024 supra
726 1968 755 2023 p.
778 1950 892 2023 72sqq.
917 1947 1118 2006 disseruimus.

332 2035 445 2106 Quibus
473 2039 615 2113 expositis
642 2038 824 2113 relinquitur
852 2040 887 2094 ut
919 2052 1096 2112 quaeramus
1128 2053 1166 2092 an
1195 2033 1260 2093 fieri

240 2126 349 2203 possit,
377 2130 412 2185 ut
434 2129 614 2201 statuamus,
644 2145 702 2202 qno
731 2129 852 2186 anctore
876 2124 978 2184 Oieero
1000 2126 1033 2183 in
1057 2122 1259 2198 componendo

241 2215 297 2275 hoc
325 2215 402 2276 libro
431 2234 502 2276 nsns
530 2217 570 2275 sit
597 2219 628 2276 et
655 2234 714 2292 quo
741 2217 876 2294 tempore
903 2213 1014 2274 librum
1043 2212 1259 2290 conscripserit.

240 2306 342 2381 Atque
369 2308 405 2363 ut
432 2306 530 2365 multa
557 2324 623 2365 cum
652 2305 790 2369 Panaetii
821 2304 977 2365 sententiis
1005 2322 1166 2381 congruere
1198 2304 1260 2361 iam

241 2413 334 2471 supra
351 2415 380 2472 p.
397 2397 437 2454 55
449 2413 492 2471 sq.
511 2394 619 2454 leviter
636 2394 882 2471 significavimus,
900 2394 944 2452 ite
963 2392 1095 2451 Tullium
1115 2391 1259 2451 Panaetio

195 2513 197 2516 ·
241 2487 363 2543 auctore
392 2504 480 2545 usum
510 2502 573 2544 esse
604 2505 639 2544 ex
669 2483 815 2557 omnibuS,
846 2502 922 2559 quae
953 2482 1050 2540 adhuc
1078 2470 1259 2558 collegimns,

241 2592 320 2632 nunc
357 2586 516 2632 censemus.
567 2574 646 2632 Nam
683 2576 713 2631 et
749 2574 883 2633 iustitiae
919 2571 1080 2647 bipertitae
1117 2570 1259 2645 definitio,

242 2664 339 2737 qualis
366 2664 398 2720 in
422 2663 478 2722 hoc
506 2662 582 2721 libro
605 2664 766 2740 reperitur,
795 2661 908 2721 abillo
933 2662 1066 2739 orginem
1094 2655 1202 2733 ducit¹,
1229 2663 1261 2719 et

242 2750 376 2810 Stoicum
400 2751 487 2810 illum
509 2752 722 2828 philosophum
745 2750 781 2811 dc
804 2750 1045 2829 magistratibus,
1072 2748 1108 2808 de
1132 2768 1259 2825 quorum

241 2840 347 2899 officiis
367 2840 459 2899 ctiam
476 2841 533 2900 hoc
551 2841 628 2900 libro
648 2841 814 2917 disseritur,
838 2840 932 2918 egisse
952 2838 1054 2899 Cicero
1073 2838 1137 2914 ipsc
1156 2831 1260 2896 dirit.²

241 2928 379 3004 Accedit,
412 2930 492 3005 qnod
523 2930 572 2990 hic
601 2930 749 2990 Ciceronis
777 2930 854 2989 liber
881 2928 1019 3005 plurimis
1051 2927 1124 2987 locis
1152 2926 1259 2985 similis

240 3018 360 3077 videtur
382 3017 467 3078 libris
490 3019 587 3095 primo
611 3022 641 3077 ct
664 3021 801 3095 secundo,
825 3037 898 3095 quos
917 3018 953 3076 de
972 3016 1077 3076 officiis
1101 3018 1132 3075 et
1154 3015 1258 3092 quinto

241 3125 276 3166 ac
304 3111 400 3181 sexto,
434 3126 507 3184 qnos
535 3109 571 3167 de
597 3128 630 3167 re
657 3108 780 3185 publica
807 3099 1009 3183 conscripsit.3
1053 3106 1094 3164 Et
1121 3125 1189 3166 cum
1216 3106 1260 3165 ibi

241 3215 309 3254 eum
327 3196 473 3256 Panaetio
491 3218 579 3258 usum
603 3216 665 3257 esse
687 3199 767 3257 inter
785 3215 886 3257 omnes
906 3188 1049 3269 constet4,
1072 3197 1162 3254 etiam
1180 3195 1259 3253 hunc

241 3288 487 3345 commentarium
524 3289 713 3365 componenti
745 3287 845 3345 Tullio
882 3286 964 3346 illius
1001 3283 1130 3344 auctoris
1167 3283 1259 3342 libros

240 3374 310 3432 usui
338 3375 431 3434 fnisse
458 3377 544 3435 nobis
571 3376 784 3435 conficiendum
812 3379 864 3435 est.
912 3376 1036 3434 Secutus
1065 3376 1164 3432 autem
1191 3392 1259 3432 eum

240 3465 359 3522 estnon
378 3463 431 3537 ita,
450 3468 485 3524 ut
503 3484 604 3525 omnes
623 3467 687 3525 eius
706 3466 869 3525 sententias
887 3466 920 3524 in
939 3482 1102 3523 sermonem
1117 3462 1259 3521 Latinum

241 3555 436 3627 converteret,
459 3555 510 3613 sed
534 3559 566 3614 ut
585 3573 620 3614 ea
638 3556 734 3615 solum
752 3554 822 3614 inde
846 3556 982 3626 sumeret,
1007 3570 1082 3628 quae
1106 3555 1178 3629 apta
1201 3552 1259 3611 sibi

242 3647 455 3656 ---.-..-

315 3690 339 3755 1)
360 3704 445 3757 supra
464 3706 490 3757 p.
506 3694 548 3742 56.
628 3692 654 3759 2)
673 3689 715 3744 De
734 3688 808 3759 legg.
818 3688 857 3743 III
872 3695 913 3743 14.
993 3692 1019 3759 3)
1044 3686 1121 3752 Quae
1143 3685 1258 3740 demon-

241 3759 391 3813 stravimus
409 3777 436 3828 p.
453 3764 486 3814 58
497 3777 565 3829 sqq..
674 3763 702 3831 4)
728 3760 759 3814 V.
779 3760 814 3815 de
833 3760 879 3815 off.
898 3760 911 3815 Ι
930 3766 1009 3829 6sq.;
1035 3759 1070 3812 de
1093 3773 1123 3811 re
1146 3774 1173 3825 p.
1188 3758 1257 3814 134.

241 3828 357 3883 Hirzel
371 3830 612 3903 Uotcreucbucpec
625 3848 662 3887 zu
677 3833 783 3889 Oiceros
796 3832 1033 3904 ptdosoptiscteo
1046 3830 1183 3896 Schriften
1197 3829 1257 3885 112.
