3000 4475
240 419 285 482 46
553 416 587 472 n.
607 385 945 472 connnnmmcuns

240 569 388 629 addidisse
422 568 629 645 accipiendum
665 573 724 644 est,
761 568 841 644 quod
871 565 946 626 mihi
975 566 1074 624 minus
1107 564 1264 642 probabile

240 652 386 718 videtur¹.
432 658 533 734 Atque
556 659 630 716 haee
653 658 775 735 quidem
797 658 948 716 hactenus.

330 746 427 806 Venio
447 748 485 806 ad
503 746 692 825 Pegasum,
711 767 800 823 quem
816 743 1075 805 mansuetudinem
1093 745 1263 821 principum

242 835 323 912 apud
346 855 447 895 omnes
472 835 689 896 celebraturum
713 854 775 894 esse
799 836 926 911 scriptor
953 835 1003 909 14,
1019 834 1060 892 25
1086 825 1157 913 (19,
1173 836 1214 893 27
1231 827 1261 916 S)

241 926 323 984 dicit.
368 925 457 985 Hunc
485 925 522 984 ab
552 924 683 985 Antonio
712 926 858 1002 originem
885 923 992 982 ducere
1018 923 1187 982 verisimile
1214 926 1262 983 est

241 1014 320 1073 Nam
350 1033 533 1091 quamquam
562 1014 641 1091 apud
665 1012 836 1074 Ciceronem
867 1031 922 1090 pro
951 1011 1068 1081 Quinct.
1094 1012 1137 1070 80
1167 1013 1263 1072 nuntii

242 1104 350 1162 celeres
364 1103 478 1181 Pegaso
497 1106 709 1179 comparantur
727 1106 758 1162 et
776 1103 883 1161 similis
900 1100 1019 1162 uidetur
1036 1100 1121 1159 locus
1142 1101 1261 1177 quidam

243 1191 356 1252 Catulli
380 1195 432 1269 55,
452 1195 493 1251 24
523 1186 597 1272 (nen
620 1195 647 1252 si
669 1193 796 1267 Pegaseo
818 1192 902 1264 ferar
924 1182 1051 1271 uolatu),
1078 1192 1185 1248 tamen
1207 1192 1261 1250 air-

243 1287 316 1341 tutes
338 1282 501 1340 Persarun
528 1286 554 1341 et
576 1282 711 1340 Hectoris
739 1280 865 1339 Antonii
893 1299 1000 1339 aevum
1026 1279 1163 1337 redolere
1191 1279 1261 1338 mihi

243 1370 363 1446 quidem
390 1370 537 1429 videntur.
583 1370 668 1429 Adde
692 1370 772 1445 quod
796 1368 1033 1445 Scederhjelmus
1058 1368 1150 1427 Notas
1174 1388 1203 1444 p.
1224 1370 1260 1428 98

240 1460 297 1519 hoc
319 1478 427 1518 nomen
446 1459 484 1519 ab
502 1459 634 1518 Antonio
652 1460 684 1517 in
704 1460 763 1518 alio
783 1477 870 1536 opere
888 1477 942 1534 per
960 1457 1088 1517 similem
1106 1457 1260 1516 verborum

242 1549 507 1608 conformationem
521 1548 678 1608 laudatum
697 1567 760 1607 esse
779 1567 832 1607 nos
851 1547 945 1606 docet.
978 1545 1064 1606 Unde
1078 1565 1259 1622 quamquam

242 1637 388 1715 Pegasum
409 1638 537 1696 Antonii
554 1656 617 1698 esse
640 1638 728 1697 certis
750 1638 935 1715 argumentis
954 1635 1059 1695 confici
1076 1653 1137 1693 non
1156 1639 1260 1711 potest,

242 1731 344 1785 tamen
368 1729 491 1802 propius
515 1726 553 1784 ad
576 1747 679 1785 verum
705 1726 880 1786 accedamus
905 1726 1057 1784 censentes
1084 1727 1260 1785 sententiam

244 1815 282 1873 ab
310 1815 364 1873 illo
396 1816 488 1874 etiam
510 1816 542 1874 in
570 1835 658 1892 opere
689 1816 770 1892 quod
798 1835 858 1875 non
886 1834 920 1873 ex
944 1814 1032 1874 Tullo
1059 1814 1173 1889 pendet
1199 1832 1260 1891 prc-

172 1905 175 1911 '
242 1905 337 1962 latam
359 1903 485 1963 Antonii
508 1907 609 1981 potius
633 1923 695 1965 esse
719 1923 810 1980 quam
833 1904 923 1964 Tulli.

332 1992 398 2051 Iam
425 2012 492 2053 cum
520 1993 557 2053 de
583 1994 756 2053 Marcello
785 1995 915 2070 agimus,
945 1991 1089 2051 habemus
1119 1992 1173 2051 ubi
1197 2011 1259 2053 aon·

243 2084 391 2141 sistamus.
429 2082 513 2142 Dicit
531 2084 680 2143 Antonius
710 2086 761 2158 20,
777 2085 817 2141 27
840 2074 907 2162 (21,
923 2084 964 2141 30
980 2074 1015 2162 S)
1039 2101 1058 2140 a
1076 2080 1167 2140 Tullo
1186 2080 1261 2141 tradi

243 2171 385 2230 Marcello
414 2171 531 2248 aliquid
558 2173 645 2247 mali,
677 2191 745 2231 cum
773 2172 885 2249 populo
912 2170 1061 2229 tributum
1087 2171 1260 2248 imponeret,

245 2262 394 2319 accidisse.
441 2260 496 2320 Oui
519 2282 589 2323 vero
612 2264 660 2321 hic
683 2282 743 2321 non
766 2264 799 2321 in
826 2265 956 2321 mentem
979 2261 1063 2320 venit
1088 2261 1259 2336 praeclaris-

244 2350 314 2409 simi
342 2351 424 2410 illius
451 2352 587 2410 Marcelli
617 2354 670 2427 qui
698 2370 775 2410 anno
804 2370 830 2409 a,
856 2349 922 2409 chr.
950 2371 978 2409 n.
1004 2352 1067 2408 212
1098 2347 1261 2426 Syracusas

247 2437 451 2517 expugnavit?
497 2441 537 2499 Et
567 2443 647 2500 iure'
666 2440 794 2515 quidem.
849 2439 990 2517 Legimus
1027 2440 1105 2497 enim
1144 2439 1182 2499 de
1213 2438 1261 2498 illo

244 2527 324 2604 apud
351 2527 471 2587 Livium
498 2531 600 2605 plura,
633 2548 759 2604 quorum
790 2531 893 2588 nostra
919 2530 1057 2602 interest,
1084 2528 1187 2587 XXVI
1210 2529 1261 2588 35:

245 2617 360 2691 Scripta
383 2620 510 2677 11111111
532 2620 568 2678 de
590 2621 733 2692 renuunt
755 2619 952 2692 supplemento
981 2620 1030 2692 api
1053 2622 1203 2691 coeptum
1232 2619 1262 2677 ir

244 2726 334 2781 quarn
361 2725 422 2768 reru
449 2726 515 2767 1111
542 2726 634 2781 neque
659 2708 809 2765 hominurn
831 2709 914 2776 satis,
941 2724 1002 2775 nec,
1030 2724 1064 2764 11
1092 2724 1152 2779 qua
1170 2724 1263 2781 pera·

244 2800 346 2855 rentur
381 2796 614 2870 stipendiumque
651 2799 825 2871 acciperent,
857 2798 1002 2869 pecuniae
1038 2797 1196 2868 quicquam
1231 2813 1263 2855 ee

245 2889 408 2958 tempestate
430 2887 464 2943 in
481 2886 600 2960 publico
623 2891 707 2955 esset,
736 2886 888 2945 edixerunt
910 2884 1055 2953 mucules,
1081 2888 1115 2942 ut
1132 2876 1263 2965 priuati²

245 2992 280 3033 11
307 2991 394 3033 censu
424 2975 644 3050 ordinibusque,
676 2978 751 3034 sicut
781 2980 880 3043 antea,
913 2976 1035 3048 remiges
1065 2973 1171 3033 darent
1201 2991 1264 3035 1111

245 3064 388 3136 stipendio
406 3065 581 3138 cibariisque
600 3065 715 3124 dierum
733 3066 862 3139 tripinta,
890 3062 941 3122 Ad
954 3065 986 3122 id
1000 3064 1125 3122 edictum
1144 3067 1263 3123 tantus

244 3154 410 3224 fremitus
428 3153 618 3221 hominurn,
638 3158 738 3213 tantu
757 3154 962 3227 indipnatio
980 3154 1065 3226 fuit,
1078 3155 1116 3209 ut
1133 3144 1264 3227 mapis³

245 3242 316 3300 dua
334 3259 437 3314 quam
455 3245 606 3301 materia
623 3244 794 3301 seditioni
813 3243 961 3302 deesset:
978 3241 1139 3300 secundum
1151 3240 1264 3301 Sindos

248 3329 470 3404 Campanosque
486 3332 601 3405 plebem
626 3332 795 3390 Romanam
813 3331 997 3405 perdendam
1020 3325 1263 3406 lacerandamque

244 3420 302 3478 sibi
329 3420 461 3478 11111111
487 3423 654 3494 sumpsisse.
700 3421 758 3480 Per
787 3425 827 3479 tot
854 3437 947 3479 annas
974 3420 1084 3479 tributa
1113 3420 1264 3479 1111111111

245 3509 320 3567 nihil
338 3509 445 3581 reliqui
457 3501 577 3582 praeter
596 3515 704 3569 terram
722 3510 836 3568 nudam
855 3526 890 3568 ac
906 3514 1021 3568 1111111
1039 3509 1152 3567 habere.
1178 3510 1264 3569 Tecta

244 3599 338 3656 tostas
368 3599 544 3668 incendisse,
573 3616 670 3658 seruos
700 3601 767 3674 apri
796 3599 918 3658 cultores
945 3615 1007 3656 1111
1031 3598 1186 3671 publicam
1215 3598 1264 3657 ab·

336 3741 362 3809 1)
376 3741 415 3794 At
428 3759 452 3794 v.
463 3757 535 3809 quae
546 3740 623 3794 dicet
637 3719 863 3810 Scederhjelmus
875 3740 961 3796 Notes
973 3759 1001 3810 p.
1014 3746 1046 3794 16
1057 3757 1098 3808 sq.
1168 3743 1195 3811 2)
1208 3738 1262 3809 pri·

244 3810 430 3868 vatiFroben.
440 3817 510 3867 1531
538 3812 671 3883 privatim
681 3814 850 3882 Puteanus)
889 3815 916 3883 3)
924 3812 1016 3882 magis
1026 3814 1141 3868 editores
1149 3810 1265 3882 mageP
