3000 4475
392 307 417 410 5.
436 356 485 410 ΒΕ
504 354 683 411 CICERONE
701 356 856 412 ANTONH
874 356 1044 413 AUCTORE
1188 357 1231 422 59

207 507 372 565 formanda
385 508 518 582 perfecta
535 509 667 584 imagine
681 508 788 584 optimi
807 510 851 567 rei
868 508 1006 584 publicae
1024 511 1147 569 rectoris
1159 527 1232 568 con-

207 598 349 672 sumpsit.
385 595 435 654 Ita
456 595 507 654 lib.
521 596 566 655 VI
584 598 671 675 frgm.
689 601 705 655 1
732 597 834 675 agitur
853 598 888 657 de
912 597 1071 673 prudentia
1094 599 1231 673 rectoris3

207 685 325 744 ibidem
348 686 531 760 postulatur,
561 691 596 745 ut
623 688 742 762 sapiens
770 688 810 746 sit
838 690 869 745 et
891 688 987 746 iustus
1010 691 1041 746 et
1062 690 1231 764 temperans

207 777 311 833 rector
328 776 373 833 rei
390 775 527 850 publicae
547 767 635 856 (lvo
650 795 677 850 p.
691 776 754 834 366
765 775 817 848 Μ).
854 776 956 835 Etiam
974 778 1131 851 permulta,
1155 796 1231 852 quae

208 865 243 922 in
270 864 395 939 reliquis
425 862 574 924 Ciceronis
606 863 690 924 libris
722 865 878 943 leguntur,
909 865 1035 924 Antonii
1067 867 1232 938 sententiis,

210 971 289 1029 quas
318 973 353 1012 ex
382 953 469 1012 Tullo
500 953 629 1029 profert,
661 957 861 1014 consentanea
891 957 970 1014 sunt.
1015 955 1065 1014 Ita
1096 955 1231 1014 conferas

212 1041 366 1102 Ciceronis
402 1041 494 1100 verba
530 1043 566 1101 de
597 1062 629 1101 re
661 1062 690 1118 p.
713 1042 746 1102 H
770 1044 826 1102 51:
867 1045 972 1102 Barrus
1003 1048 1029 1102 rt
1058 1047 1176 1117 sapieus
1207 1047 1233 1102 et

204 1133 323 1204 quitus
356 1133 491 1190 utilitatis
520 1133 726 1206 aliquitatisque
758 1135 851 1191 ciclis
883 1136 969 1206 quasi
1000 1137 1076 1192 tutor
1109 1138 1134 1191 et
1159 1151 1232 1206 pro·

209 1225 332 1280 auare
357 1224 401 1281 rei
422 1222 576 1294 publieae;
606 1223 649 1280 sie
675 1222 751 1280 cuim
780 1223 948 1295 appelletur,
981 1225 1151 1294 quietemque
1178 1225 1232 1280 erit

210 1314 306 1369 rector
342 1314 369 1368 et
400 1311 579 1384 quberuator
614 1313 746 1370 civitatis.
803 1310 921 1370 Similia
957 1310 1036 1370 idem
1068 1311 1158 1370 habet
1195 1311 1231 1370 de

212 1399 262 1459 off.
281 1398 297 1457 I
317 1400 368 1458 85.
413 1399 570 1458 Laudatur
597 1401 689 1458 etiam
721 1418 809 1476 saepe
840 1420 893 1460 rex
920 1420 1033 1476 aequus
1062 1404 1092 1459 et
1124 1401 1232 1473 iustus

211 1492 247 1547 ut
271 1488 307 1547 de
325 1507 357 1548 re
379 1509 408 1564 p.
426 1488 459 1547 H
477 1491 534 1547 47:
561 1489 670 1563 Reqem
695 1490 780 1547 illura
807 1491 908 1548 uoluat
935 1508 1007 1558 esse,
1036 1492 1086 1563 qui
1108 1490 1232 1548 cousulil

211 1583 377 1650 ulpereras
398 1579 510 1650 populo
533 1581 738 1652 eaucrcatquc
760 1595 820 1646 eos,
848 1579 953 1652 qulbus
976 1582 1018 1638 est
1033 1581 1231 1652 praepositus,

213 1685 303 1741 maru
335 1669 443 1740 eplima
473 1669 507 1724 lu
538 1668 702 1726 condiamur
733 1668 859 1726 circuiti.
905 1668 1007 1726 Etiam
1039 1686 1074 1725 ea
1106 1669 1231 1727 fortasse

213 1757 348 1816 conferre
383 1757 467 1830 licet,
504 1775 580 1831 quae
615 1756 676 1815 ibd.
707 1756 739 1815 H
777 1758 818 1816 35
856 1757 892 1816 de
929 1757 1093 1832 Tarquinio
1130 1757 1230 1817 Prisco

212 1845 367 1904 dicuntur:
402 1847 483 1904 Erat
509 1847 543 1904 ia
573 1863 604 1904 eo
630 1863 747 1904 meua
776 1848 903 1920 omullus,
934 1863 1051 1905 summa
1079 1849 1112 1905 la
1139 1849 1233 1905 cuuis

212 1937 285 1994 ciris
308 1937 380 2007 epis,
408 1936 527 2003 auxilii,
554 1936 743 2009 defensionis,
774 1936 919 2010 larqicueli
947 1938 1033 1994 etiarn
1061 1937 1231 2010 beuiquitas.

212 2024 315 2099 Atque
337 2024 411 2082 haec
434 2023 554 2099 quidem
577 2023 613 2082 de
636 2025 779 2100 principe.

303 2112 369 2172 Iam
401 2112 481 2188 quod
513 2112 549 2170 de
573 2115 761 2188 quattuor,
788 2116 823 2171 ut
849 2106 995 2186 videtur²,
1027 2112 1230 2172 virtutibus

213 2201 342 2263 Antonii
368 2202 404 2262 de
431 2203 462 2261 la
486 2201 554 2261 Sale
583 2206 687 2261 auctor
714 2201 896 2278 disputabat,
920 2201 1091 2263 Ciceronem
1114 2221 1232 2278 quoque

213 2296 359 2369 quattuor
380 2294 507 2351 mures
530 2291 677 2367 accepisse
695 2292 824 2369 legimus
842 2292 879 2351 de
901 2293 1013 2351 invent.
1032 2292 1064 2351 Π
1085 2293 1147 2351 159
1167 2311 1231 2368 sqq.

213 2380 297 2450 Quae
324 2382 469 2457 expressis
496 2380 594 2441 verbis
622 2380 785 2439 laudantur
812 2381 848 2440 de
871 2381 919 2439 off.
942 2380 958 2439 I
983 2384 1055 2455 152,
1083 2380 1135 2439 ubi
1163 2385 1233 2440 sunt

213 2473 337 2545 aequitio
361 2471 409 2529 vel
431 2470 599 2546 prudentia,
627 2472 818 2529 mmuuitas
845 2470 894 2529 vel
922 2470 1048 2544 iustitia,
1077 2473 1232 2543 ruaquaui-

213 2562 302 2619 raitas
324 2560 373 2620 vel
395 2559 550 2634 fortitudo,
572 2560 732 2618 moderatio
755 2559 804 2619 vel
827 2558 1023 2636 continentia3
1046 2559 1150 2617 eadem
1173 2560 1231 2618 (iis-

213 2651 322 2708 tinctio
349 2651 493 2725 quattuor
519 2650 666 2707 virtutum
694 2649 713 2706 l.
732 2650 752 2707 l.
775 2648 792 2707 I
812 2650 852 2707 15
886 2647 1000 2722 subest,
1027 2647 1079 2706 ubi
1106 2648 1231 2725 legitur:

216 2738 316 2806 onae,
344 2737 420 2811 quod
448 2742 489 2796 est
513 2739 671 2806 honesturn,
698 2738 731 2797 lcl
758 2742 895 2811 quattuor
915 2739 1050 2811 partium
1077 2740 1171 2796 oritur
1199 2756 1232 2796 aa

212 2830 325 2900 aliqua.
375 2824 440 2885 Aut
467 2829 543 2886 euim
571 2829 605 2885 lu
628 2828 838 2900 perspicieutic
866 2829 928 2886 ceri
957 2827 1140 2900 sollertiaque
1169 2844 1232 2885 aer·

214 2921 308 2985 satur,
331 2920 385 2974 aut
405 2918 438 2974 ia
459 2916 608 2974 bmniuuru
629 2919 762 2975 societate
785 2917 894 2976 tueurlc
916 2917 1123 2989 tribuendoque
1145 2933 1232 2973 suum

213 3009 317 3079 cuique
344 3010 370 3063 el
395 3023 495 3063 rerum
521 3009 736 3064 coutraetaruru
762 3005 834 3080 fide,
866 3009 919 3063 aut
948 3007 981 3063 lu
1008 3006 1102 3063 ouiui
1130 3005 1234 3063 eueelsl

213 3101 300 3169 atque
322 3097 423 3155 iuoicli
444 3094 645 3167 maquituliue
667 3112 703 3153 oe
725 3096 835 3169 robore,
857 3098 911 3153 aut
932 3096 965 3152 lu
991 3096 1129 3160 corolum
1158 3111 1232 3166 quae

214 3188 293 3258 fiunt
314 3202 442 3259 quaeque
465 3183 611 3251 clietmtur,
639 3185 740 3242 ordiue
763 3188 790 3243 et
815 3183 908 3251 mollo,
935 3186 968 3241 iu
995 3200 1050 3257 quo
1077 3185 1152 3242 iucst
1173 3200 1232 3241 ruo·

213 3275 309 3334 <lulla
332 3276 358 3332 et
384 3274 583 3346 temerantia.
628 3271 684 3331 His
711 3273 806 3350 igitur
832 3271 904 3333 locis
933 3272 1064 3349 cognitio
1091 3272 1139 3330 vel
1162 3291 1231 3347 pru-

215 3364 317 3423 dentia
335 3381 452 3421 summa
464 3363 562 3421 virtus
576 3360 710 3421 habetur.
743 3359 887 3421 Omnibus
907 3364 1007 3420 autem
1024 3362 1056 3419 in
1077 3362 1115 3419 iis
1133 3360 1231 3433 rebus,

216 3471 292 3529 quae
325 3454 475 3527 pertinent
507 3451 546 3510 ad
577 3453 748 3510 societatem
782 3452 897 3528 generis
929 3450 1065 3525 humani,
1097 3451 1232 3509 iustitiae

214 3542 346 3617 primum
368 3541 467 3599 locum
490 3560 508 3599 a
531 3538 671 3599 Cicerone
695 3538 821 3599 attribui
849 3558 1008 3618 cognoscas
1037 3558 1071 3598 ex
1098 3538 1144 3598 his
1169 3539 1231 3597 eius

306 3731 332 3797 1)
350 3726 384 3782 V.
400 3743 485 3796 snpra
502 3746 530 3797 p.
541 3732 583 3782 55.
