3000 4475
457 453 482 501 6.
501 446 550 500 DE
568 447 803 502 FRAGMENTIS
823 447 1061 504 COLLIGENDIS
1206 449 1258 520 ,75

235 599 288 657 uti
311 597 397 657 nobis
423 597 502 657 licet.
526 630 571 640 —
593 599 721 675 Reliqua
744 603 847 658 autem
870 601 958 659 huius
978 602 1083 676 partis,
1108 618 1183 674 quae
1203 602 1267 658 erat

237 687 278 746 de
302 687 472 763 prudentia,
503 686 618 747 desunt.
663 689 729 748 Iam
759 691 861 748 utrum
888 689 965 748 hanc
992 691 1145 763 virtutem,
1175 707 1266 763 quam

238 774 369 836 eandem
388 778 567 852 sapientiam
587 796 706 854 quoque
725 797 827 852 voces,
850 778 996 838 fortitudo
1019 797 1057 836 au
1081 777 1266 837 continentia

238 868 346 924 secuta
365 867 413 939 sit,
431 866 579 925 incertum
598 868 652 926 est.
697 867 805 943 Itaque
824 870 859 926 ut
880 886 934 946 ego
953 866 1126 926 fortitudini
1143 869 1267 926 tertium

239 953 313 1013 dedi
335 955 442 1029 locum,
465 956 519 1028 ita,
542 956 569 1014 si
591 956 659 1031 quis
679 956 880 1016 continentiae
900 976 968 1015 enm
988 957 1151 1015 attribuere
1169 956 1266 1029 malit,

239 1045 271 1103 ei
295 1062 354 1103 non
378 1043 528 1105 adversor.
574 1045 620 1102 Ex
648 1046 702 1104 illa
734 1049 836 1105 antem
863 1048 949 1122 parte
978 1064 1038 1120 qua
1066 1045 1267 1104 disserebatur

240 1133 279 1192 de
296 1134 489 1206 continentia,
503 1132 653 1193 Antonius
672 1134 759 1193 affert
779 1136 831 1208 38,
850 1136 889 1193 16
911 1127 945 1215 (7
962 1134 1029 1194 adn.
1046 1139 1062 1194 1
1077 1128 1111 1214 S)
1130 1133 1266 1192 fabulam

241 1221 280 1280 de
304 1223 388 1281 casta
411 1224 522 1281 marita
544 1226 708 1282 narratam.

332 1309 414 1369 Haec
437 1311 499 1369 fere
522 1315 606 1385 sunt,
636 1332 712 1388 quae
740 1312 777 1370 de
805 1312 873 1372 sede
902 1313 1088 1390 singulorum
1115 1312 1264 1389 fragmen·

241 1403 343 1459 torum
366 1399 462 1459 dicere
490 1419 656 1477 possumus.
702 1402 911 1477 Relinquitur,
939 1404 973 1459 ut
1003 1401 1146 1477 reliquias
1175 1402 1264 1460 huius

241 1489 314 1548 libri
341 1507 375 1548 eo
403 1488 506 1548 ordine
535 1490 689 1566 colligam,
718 1510 807 1566 quem
835 1490 922 1551 modo
950 1491 1081 1566 exposui.
1133 1488 1265 1558 Quorum

240 1579 481 1655 fragmentorum
513 1597 580 1637 cum
612 1580 700 1657 longe
731 1579 863 1656 plurima
895 1599 930 1638 ex
961 1578 1088 1638 Antonii
1120 1580 1263 1655 opusculo

241 1665 411 1745 colligenda
439 1669 513 1742 sint,
540 1668 728 1728 incommodo
757 1670 815 1746 est,
844 1671 875 1728 et
902 1667 982 1745 quod
1009 1669 1141 1726 hicnon
1168 1669 1265 1727 latina

241 1757 335 1816 verba
357 1755 456 1815 reddit
474 1760 505 1815 et
524 1755 603 1832 quod
622 1775 672 1817 eas
690 1760 801 1834 partes,
825 1776 899 1834 quas
923 1776 957 1816 ex
975 1758 1032 1817 hoo
1051 1759 1263 1816 commentario

241 1846 382 1921 sumpsit,
418 1864 520 1906 omnes
555 1849 688 1906 mutatas
725 1865 793 1906 cum
833 1847 956 1907 uocibus
998 1848 1059 1906 suis
1101 1847 1263 1924 coniungit.

242 1935 342 2005 Quare
360 1938 396 1993 ut
413 1934 460 1993 illi
478 1935 557 1994 malo
577 1955 611 1995 eo
629 1936 778 2010 medebor,
802 1936 882 2012 quod
894 1935 1022 1996 Antonii
1039 1935 1188 2010 libellum,
1211 1937 1264 2010 qui

242 2025 363 2099 quidem
378 2023 416 2082 ad
431 2022 601 2083 Ciceronem
615 2027 774 2101 pertineat,
792 2046 821 2101 p.
834 2028 922 2100 2sqq.
937 2027 970 2084 in
983 2026 1119 2102 linguam
1137 2024 1263 2083 latinam

241 2114 391 2188 converti,
413 2114 458 2172 ita
485 2132 576 2188 nuno,
604 2117 639 2173 ut
665 2114 720 2172 illa
742 2115 912 2192 fragmenta
936 2113 1056 2173 omnino
1080 2131 1116 2172 cx
1138 2113 1264 2172 Antonii

242 2219 349 2263 vocum
372 2221 450 2261 nexu
472 2220 622 2263 secernere
651 2205 682 2263 et
707 2203 809 2279 aliquo
837 2205 901 2262 iuro
927 2203 1074 2264 Ciceronis
1097 2204 1263 2277 fragmento

241 2292 396 2368 appellare
414 2310 541 2368 possem,
560 2312 594 2351 ea
612 2295 645 2351 in
664 2312 830 2353 sermonem
847 2292 977 2352 latinum
994 2293 1148 2352 meliorem
1166 2295 1264 2350 trans-

241 2380 319 2441 ferre
342 2379 446 2440 studui
468 2382 591 2441 abiectis
613 2382 741 2441 Antonii
763 2382 871 2457 verbis,
894 2383 1022 2441 maxime
1047 2381 1154 2457 quibus
1177 2400 1263 2457 prae-

241 2472 324 2529 fatus
353 2473 406 2529 aut
433 2470 603 2546 complexus
636 2474 682 2529 est
710 2472 829 2548 singula
857 2491 933 2547 quae
965 2470 1109 2531 laudavit.
1161 2471 1262 2529 Etiam

241 2559 357 2637 dialogi
379 2558 508 2619 formam
531 2560 721 2635 aliquatenus
740 2562 896 2620 restituere
921 2563 1044 2619 conatus
1068 2553 1159 2619 sum¹.
1198 2558 1263 2628 Qua

241 2648 437 2708 inversione
465 2649 502 2707 iis
531 2650 687 2708 sententiis
714 2650 900 2726 reliquorum
929 2648 1079 2709 Ciceronis
1108 2648 1263 2721 librorum,

243 2754 318 2813 quas
337 2740 372 2795 ut
386 2736 553 2798 consimiles
573 2756 663 2815 supra
681 2758 710 2814 p.
722 2739 763 2797 58
773 2758 838 2815 sqq.
858 2739 974 2817 collegi,
994 2737 1261 2814 quamplurimum

242 2844 313 2885 usus
337 2844 416 2900 sum,
443 2829 479 2886 ut
506 2827 672 2887 efficeretur
699 2828 781 2888 color
803 2828 926 2887 latinus.
971 2829 1070 2903 Atque
1098 2829 1132 2885 ut
1160 2844 1262 2885 omnes

242 2917 321 2974 recte
344 2913 535 2992 intellegant,
558 2935 637 2992 quae
660 2917 765 2991 velim
788 2916 885 2975 denno
907 2918 1050 2992 expressis
1073 2915 1172 2975 uerbis
1196 2915 1262 2974 dico

243 3003 393 3063 Ciceronis
412 3006 559 3063 rationem
577 3005 694 3066 dicendi
717 3009 747 3064 et
768 3024 933 3065 sermonem
955 3023 1076 3081 prorsus
1099 3022 1261 3080 numquam

241 3112 289 3151 me
308 3093 476 3169 adaequare
495 3094 579 3153 velle.
616 3093 743 3154 Proinde
767 3113 838 3155 cave
857 3095 933 3153 mihi
950 3096 1026 3154 vitio
1045 3097 1158 3167 nortae,
1183 3094 1261 3169 quod

241 3200 336 3259 genus
365 3185 509 3243 sermonis
538 3181 766 3243 Ciceronianum
793 3203 853 3245 non
879 3184 995 3243 imitari
1022 3182 1156 3242 audeam.
1204 3181 1262 3241 Sed

242 3271 323 3347 quod
341 3290 393 3329 eae
412 3272 578 3331 sententiae
597 3291 671 3347 quas
690 3292 794 3332 revera
808 3272 958 3332 Ciceronis
978 3291 1040 3332 esse
1059 3274 1261 3350 cognovimus,

241 3360 275 3419 in
302 3378 467 3420 sermonem
497 3360 626 3420 latinum
654 3362 746 3437 paulo
773 3364 929 3421 rectiorem
959 3380 1049 3437 quam
1079 3380 1170 3437 supra
1196 3360 1262 3418 fien'

241 3450 343 3525 potuit
365 3468 524 3510 conversae
552 3454 634 3524 sunt,
661 3470 748 3510 nemo
776 3449 978 3527 reprehendet.
1023 3450 1183 3510 Praeterea
1205 3451 1262 3509 hac

241 3538 440 3598 translatione
463 3540 544 3599 facta
566 3541 717 3599 nonnullis
740 3541 814 3600 locis
838 3542 925 3616 quasi
942 3540 1156 3599 demonstratio
1177 3539 1261 3597 affer-

405 3633 459 3640 ...-

317 3675 342 3740 1)
358 3671 472 3725 Librum
487 3672 631 3744 dialogum
646 3673 733 3728 fuisse
748 3690 919 3742 quamquam
933 3673 1085 3728 verisimile
1099 3676 1149 3740 est,
1164 3676 1261 3727 tamen

242 3743 417 3826 argumentis
436 3744 541 3798 firmari
560 3762 617 3799 non
634 3747 737 3814 potest,
756 3745 787 3799 id
806 3746 881 3814 quod
900 3745 958 3799 iam
977 3760 1062 3814 supra
1079 3763 1108 3814 p.
1120 3751 1152 3798 74
1168 3743 1258 3798 adul

242 3830 431 3884 exposu1mus.
