3000 4475
421 459 446 509 6.
466 453 516 508 DE
536 452 715 510 CICERONE
733 453 888 508 ANTONII
906 451 1077 508 AUCTORE
1221 450 1264 514 69

238 606 450 664 consuevimus
470 605 505 664 de
525 605 670 682 capienda
689 624 724 663 ex
742 606 872 664 inimicis
895 605 1030 662 utilitate
1049 603 1108 662 VH
1130 622 1158 678 p.
1176 601 1262 661 9013:

234 683 271 752 ‘O
289 685 391 772 Ἱέρων
413 696 515 770 inquit
536 692 596 754 ὑπό
620 715 700 765 τινος
727 701 786 752 τῶν
813 691 930 772 ἐχθρῶν
957 691 1000 763 εἰς
1028 689 1083 769 τὴν
1111 690 1263 752 δυσωδίαν

238 778 424 862 ἐλοιδορήθη
447 791 500 843 τοῦ
523 780 677 860 στόματος·
706 780 806 842 ἐλθὼν
829 773 885 842 οὖν
908 781 1009 842 οἴκαδε
1031 779 1106 861 πρὸς
1133 778 1188 858 τὴν
1210 803 1264 860 γν-

238 874 339 945 ναῐκα,
364 871 402 930 Τί
422 869 529 952 λέγεις,
551 865 649 950 εἶπεν,
671 868 741 932 οὐδὲ
766 871 803 930 σύ
827 892 877 949 μοι
899 878 985 931 τοῦτο
1008 868 1154 950 ἔφρασαςς
1178 864 1197 945 ἡ
1221 865 1264 945 δὲ,

241 950 319 1018 οὖσα
343 960 472 1040 σώφρων
490 959 541 1020 καὶ
558 957 684 1038 ἄκανος,
698 958 824 1040 Ὤιμην,
842 953 934 1036 εἶπεν,
958 957 1002 1019 ὅτι
1020 966 1136 1019 τοιοῦτο
1155 957 1263 1028 πάντες

241 1045 363 1119 ὄζουσιν
383 1049 414 1109 οἱ
434 1046 548 1130 ἄνδρες.
582 1049 661 1119 Quid
679 1054 725 1110 est
743 1069 796 1109 cur
813 1050 979 1108 Antonium
1001 1049 1075 1107 haec
1098 1067 1133 1107 ex
1152 1046 1265 1107 Seneca

242 1138 405 1214 sumpsisse
437 1142 590 1216 putemus,
617 1142 794 1216 praesertim
822 1157 889 1197 cum
916 1138 1043 1202 Antonii
1068 1137 1172 1195 fabula
1204 1155 1264 1195 non

243 1229 312 1285 tota
336 1246 404 1287 cum
428 1228 556 1288 Senecae
579 1229 678 1288 verbis
706 1247 783 1304 quae
811 1247 903 1304 supra
930 1226 1070 1302 exscripsi
1098 1223 1265 1302 congruat?

242 1315 341 1376 Immo
364 1336 436 1377 vero
461 1337 528 1376 cum
543 1317 741 1377 Plutarchum
763 1318 862 1376 multa
881 1315 989 1375 Stoicis
1008 1315 1113 1375 debere
1137 1317 1264 1375 sciamus

243 1408 276 1463 et
296 1403 438 1465 Senecam
457 1426 559 1466 eorum
578 1406 745 1466 doctrinam
764 1408 849 1482 sequi
867 1408 991 1479 constet,
1013 1404 1103 1464 istam
1121 1403 1264 1463 fabellam

241 1492 275 1551 in
299 1514 423 1554 numero
447 1515 557 1571 earum,
582 1515 656 1572 quas
676 1495 770 1556 Stoici
794 1515 847 1573 pro
872 1495 1014 1570 exemplis
1034 1497 1064 1553 et
1081 1492 1263 1552 testimoniis

243 1601 362 1659 semper
378 1587 411 1643 in
430 1605 480 1644 ore
498 1585 658 1659 habebant,
681 1585 773 1644 fuisse
791 1587 907 1663 putem3
931 1604 967 1643 ex
990 1582 1158 1643 Stoicorum
1178 1582 1263 1640 libris

244 1675 308 1731 sive
336 1693 391 1749 per
418 1674 593 1752 scriptorem
622 1673 771 1749 quendam
797 1673 1007 1732 intermedium
1039 1672 1102 1732 sive
1135 1691 1170 1730 ex
1200 1673 1264 1730 eius

242 1760 340 1836 ipsius
355 1761 447 1823 Stoici
463 1764 516 1839 qui
532 1765 647 1840 primus
664 1763 797 1823 fabulam
815 1764 921 1822 attulit
940 1762 1017 1821 libro
1039 1761 1078 1821 ad
1093 1760 1265 1820 Ciceronem

244 1869 364 1926 quoque
387 1853 564 1928 pervenerit.

336 1939 394 1998 Sed
425 1945 460 2001 ut
490 1961 545 2018 pro
579 1960 609 2001 se
640 1943 766 2018 quisque
795 1940 928 2000 iudicare
957 1942 1067 2017 possit,
1098 1939 1265 1998 Antonium

244 2049 318 2086 num
346 2031 443 2089 multa
466 2050 501 2089 ex
525 2031 637 2091 Seneca
663 2030 799 2090 hausisse
826 2028 1035 2089 arbitrandum
1062 2028 1114 2104 sit,
1147 2028 1266 2103 reliqua

245 2115 334 2192 addo,
372 2139 448 2195 quae
484 2120 597 2179 similia
634 2122 790 2179 sententiis
827 2120 865 2178 ab
897 2119 1029 2177 Antonio
1066 2117 1193 2193 prolatis
1230 2136 1266 2175 ex

245 2204 358 2267 Seneca
381 2210 497 2289 collegi,
542 2209 733 2286 Principes
758 2227 776 2268 a
800 2207 913 2268 Seneca
935 2207 1113 2284 compluries
1140 2206 1265 2265 laudan-

244 2300 296 2355 tur
318 2302 349 2356 et
371 2300 544 2374 saepissime
567 2301 600 2357 in
622 2299 707 2358 libris
732 2298 768 2356 de
792 2299 949 2357 clementia
972 2296 1159 2373 conscriptis3
1192 2315 1219 2355 v.
1241 2314 1264 2354 c.

243 2385 344 2459 13‚3
373 2388 500 2447 Nullam
527 2394 624 2448 tomen
651 2390 802 2447 clementia
829 2405 863 2447 ον
885 2388 1019 2446 omnibus
1050 2388 1145 2459 inopis
1177 2403 1266 2458 quam

243 2492 340 2547 rcpcm
372 2482 426 2536 cat
450 2480 617 2551 principem
648 2479 733 2536 decet.
782 2475 897 2536 Ibidem
928 2476 1064 2552 pluribus
1097 2473 1195 2534 verbis
1229 2475 1265 2532 de

245 2563 404 2624 clementia
426 2567 571 2643 principis
593 2568 721 2625 maxime
740 2566 772 2624 in
790 2565 940 2642 puniendo
960 2563 1127 2624 adhibenda
1146 2563 1266 2622 disserit

243 2652 305 2727 15,
320 2656 424 2730 2sqq.,
444 2658 495 2731 17,
511 2659 594 2731 2sq.;
625 2654 699 2715 adde
727 2657 929 2731 fragmentum
957 2654 1037 2730 apud
1056 2652 1266 2711 Hildebertum

248 2740 501 2803 cenomanensem
529 2749 680 2806 servatum
707 2745 740 2803 in
768 2744 857 2803 Hosii
888 2743 1018 2803 editione
1045 2743 1061 2801 I
1086 2745 1104 2801 2
1133 2762 1162 2817 p.
1187 2743 1265 2815 2603

245 2851 272 2889 v.
298 2833 391 2890 etiam
414 2832 450 2893 de
472 2836 519 2894 ira
540 2834 557 2893 I
576 2835 604 2909 6,
625 2835 653 2893 3.
700 2832 759 2892 Sed
781 2851 932 2909 perpauca
953 2830 1160 2906 inveniuntur,
1189 2849 1266 2905 quae

246 2922 416 2997 comparari
438 2925 564 2999 possint,
587 2941 683 2998 neque
707 2922 745 2980 ad
760 2922 886 2981 Antonii
905 2922 934 2996 8,
951 2923 991 2980 13
1007 2911 1074 3000 (17,
1091 2923 1130 2979 12
1143 2911 1178 3000 S)
1200 2938 1264 2979 sen-

245 3011 375 3069 tentiam
394 3010 430 3071 ds
453 3012 612 3071 clementia
635 3012 770 3071 iustitias
789 3010 978 3089 adiungenda
1001 3012 1153 3069 auctorem
1177 3007 1265 3067 Sene-

245 3115 311 3156 cam
335 3089 445 3160 arcessi
467 3119 584 3161 necessc
608 3104 660 3160 est.
706 3101 865 3159 Praeterea
887 3101 1049 3159 virtutes
1074 3093 1265 3173 quattuorl

244 3186 409 3247 laudantur
439 3192 523 3250 velut
556 3210 599 3266 ep.
629 3190 667 3249 ad
697 3189 793 3249 Lucil.
819 3190 873 3261 95,
894 3190 945 3249 55.
999 3188 1040 3246 Et
1068 3188 1149 3245 Tulli
1173 3188 1206 3260 6,
1223 3189 1264 3245 24

247 3274 318 3351 (16,
339 3278 379 3336 35
396 3270 432 3359 S)
469 3281 635 3339 sentcntiae
672 3278 707 3337 da
745 3278 859 3338 duobus
901 3278 1058 3356 generibus
1094 3275 1265 3335 iustitiae

245 3366 320 3424 satis
358 3368 465 3428 similis
503 3372 549 3428 est
584 3369 706 3428 virtutis
743 3368 851 3428 divisio
890 3386 967 3443 quae
1003 3367 1117 3444 legitur
1149 3384 1193 3440 ep.
1227 3364 1265 3423 ad

245 3452 317 3514 Luc.
335 3456 386 3531 94,
400 3458 451 3517 45.
497 3458 583 3518 Adde
606 3459 741 3517 iustitiae
760 3457 880 3517 laudem
898 3456 958 3515 ibd.
977 3457 1050 3529 113,
1071 3456 1121 3513 31.
1162 3454 1265 3512 Etiam

246 3542 282 3601 de
310 3562 410 3620 pace,
438 3545 474 3605 de
503 3568 563 3623 qua
589 3547 716 3606 Antonii
744 3548 911 3606 sententiae
933 3546 1075 3624 leguntur
1099 3546 1154 3617 10,
1170 3546 1186 3601 1
1200 3561 1263 3618 sqq.

246 3626 315 3711 (17,
331 3634 373 3692 30
389 3627 424 3715 S)
448 3638 511 3715 egit
530 3635 641 3696 Seneca
664 3656 709 3712 ep.
726 3637 778 3710 66,
794 3638 844 3696 40.
892 3634 963 3705 Qui:
986 3634 1056 3693 Νον
1080 3639 1120 3692 est
1143 3634 1265 3691 dubium

244 3752 461 3764 ᾑ-

337 3824 363 3891 1)
383 3821 415 3877 V.
432 3840 517 3894 supra
534 3842 562 3893 p.
578 3829 620 3880 66.
