3000 4475
283 433 331 498 ⁴14
598 434 632 489 11.
652 435 988 491 COMMENTATIONES

290 584 370 644 Cum
388 605 467 661 vero,
491 587 594 663 quales
618 586 731 665 dialogi
753 606 897 664 personae
915 588 1036 662 fuerint,
1059 605 1114 646 nos
1137 587 1308 654 nesciamus,

293 693 343 734 eos
371 675 456 753 siglis
475 676 515 734 Μ
535 679 564 734 et
582 673 613 734 A
632 679 745 752 notavi,
770 680 804 736 ut
822 676 924 736 Cicero
947 678 979 735 in
997 677 1239 736 Tusculanarum
1256 673 1307 735 dis·

291 766 484 840 putationum
506 765 591 824 libris
614 759 791 825 consuevit.¹

383 853 431 913 Sic
463 853 558 932 igitur
586 855 716 930 primam
745 855 817 913 libri
846 860 963 931 partem
993 855 1193 931 compositam
1223 854 1305 912 fuisse

290 941 435 1002 arbitror:
461 945 531 1019 post
558 944 755 1019 prooemium,
783 943 863 1019 quod
886 944 976 1021 quale
996 945 1087 1003 fuerit
1114 961 1239 1019 prorsus
1263 960 1305 1000 ne·

289 1031 412 1108 scimus,
435 1032 615 1108 sequebatur
632 1033 767 1092 iustitiae
786 1032 928 1092 definitio.
975 1034 1060 1106 Tum,
1083 1032 1213 1091 fortasse
1232 1033 1305 1107 post·

289 1139 384 1197 quam
402 1119 505 1181 Cicero
524 1120 649 1196 addidit,
672 1139 726 1180 cur
746 1121 891 1196 iustitiae,
913 1142 974 1181 non
992 1121 1158 1198 sapientiae
1182 1121 1306 1197 primum

289 1210 391 1269 locum
413 1211 608 1284 attribuisset,
632 1211 752 1288 singula
775 1214 936 1288 praecepta
957 1229 992 1270 ex
1014 1210 1069 1270 illa
1086 1212 1202 1269 virtute
1221 1207 1305 1268 dedn-

290 1298 443 1358 cebantur.
490 1298 623 1368 Quorum
645 1303 777 1358 maxima
799 1320 868 1377 pars
897 1300 978 1376 apud
1001 1299 1169 1359 Antonium
1193 1300 1305 1359 servata

290 1406 355 1447 esse
379 1387 505 1448 videtur.
552 1389 593 1448 llt
616 1390 759 1463 quoniam
781 1408 798 1447 a
817 1389 961 1465 scriptore
980 1388 1207 1466 l‘rancogallico
1225 1405 1304 1463 prae·

290 1480 379 1552 cipue
402 1478 547 1553 principis
569 1479 688 1537 iustitia
710 1481 840 1537 tractata
863 1482 921 1551 est,
948 1477 1029 1537 haud
1057 1478 1117 1537 scio
1147 1496 1186 1535 an
1209 1478 1305 1536 secuta

289 1566 353 1625 sint
375 1585 472 1642 pauca
495 1568 605 1642 capita,
629 1567 736 1643 quibus
757 1571 949 1644 praeceptum
968 1571 1041 1642 erat,
1065 1564 1214 1641 quomodo
1232 1565 1304 1624 cives

290 1656 441 1714 iustitiam
472 1659 648 1715 exercerent.
696 1656 861 1715 Secundam
894 1659 993 1716 autem
1026 1658 1143 1732 partem
1171 1655 1208 1713 de
1239 1673 1305 1730 pru·

290 1744 410 1817 dentia,
448 1763 523 1820 quae
552 1748 596 1805 est
626 1745 794 1805 Stoicorum
827 1743 988 1826 φρόνησις,
1022 1744 1115 1804 fuisse
1147 1743 1304 1803 verisimile

290 1825 367 1892 est²
411 1833 490 1891 Nam
514 1852 581 1893 eum
604 1834 676 1894 haec
694 1837 790 1894 virtus
810 1853 828 1893 a
846 1834 983 1910 plurimis
1004 1834 1190 1910 pbilosophis
1213 1832 1305 1909 prima

291 1921 459 1995 haberetur,
485 1923 535 1982 hic
558 1927 658 1982 autem
683 1943 700 1982 a
725 1923 865 1983 Cicerone
888 1923 1005 1983 iustitia
1028 1925 1060 1982 in
1084 1924 1202 1981 actione
1225 1941 1304 1998 prae·

290 2011 431 2085 ferretur,
468 2011 553 2070 illam
584 2012 745 2072 secundum
777 2016 879 2072 tamen
909 2013 1009 2072 locum
1041 2011 1208 2071 obtinuisse
1240 2028 1305 2069 vero

289 2101 413 2177 propius
451 2104 503 2159 est.
554 2102 594 2160 Et
629 2102 678 2161 hic
715 2103 801 2161 nobis
837 2104 1032 2180 gravissimus
1067 2102 1155 2160 testis
1193 2100 1306 2160 exsistit

290 2188 487 2268 Augustinus
501 2192 554 2267 qui
567 2191 680 2267 profert
694 2190 870 2267 prudentiae
888 2190 1089 2250 definitionem
1108 2209 1144 2249 ex
1160 2188 1304 2249 Ciceronis

288 2280 327 2337 de
359 2279 521 2339 virtutibus
554 2281 766 2342 commentario
804 2281 999 2357 desumptam.
1055 2280 1138 2350 Quae
1176 2278 1304 2338 definitio

288 2387 473 2443 quamquam
501 2372 531 2427 et
558 2369 593 2427 de
616 2372 676 2428 inv.
695 2369 727 2427 Π
747 2372 811 2430 160
834 2361 967 2447 legitur³,
999 2373 1100 2428 tamen
1123 2371 1154 2427 et
1176 2368 1210 2426 in
1232 2366 1304 2427 libro

287 2457 326 2516 de
340 2457 503 2517 virtutibus
522 2460 689 2535 conscripto
702 2458 828 2518 infuisse
847 2477 960 2532 censeo,
979 2462 1008 2517 et
1028 2457 1107 2533 quod
1120 2457 1305 2535 Augustinus

289 2546 436 2623 expressis
459 2545 558 2606 verbis
581 2548 637 2606 hoc
660 2547 822 2622 contendit,
846 2551 877 2606 et
899 2546 979 2624 quod
1001 2566 1062 2606 non
1079 2546 1235 2623 intellego,
1258 2564 1306 2606 eur

292 2634 425 2694 Ciceroni
453 2635 557 2694 eadem
584 2635 756 2695 definitione
782 2637 829 2695 bis
854 2639 902 2696 uti
924 2656 984 2696 non
1007 2637 1133 2695 licuerit.
1180 2634 1305 2695 Omnino

289 2727 391 2782 autem
405 2744 473 2783 eum
487 2725 519 2782 in
531 2724 588 2784 hoc
597 2725 673 2784 libro
689 2725 821 2803 singulas
831 2726 957 2785 virtutes
972 2724 1139 2784 definivisse
1154 2742 1189 2783 ex
1204 2724 1304 2783 simili·

289 2813 344 2873 bus
359 2813 432 2873 locis
438 2812 638 2873 Ciceronianis
653 2833 706 2874 nos
716 2815 858 2874 conficere
872 2833 958 2891 posse
972 2816 1034 2873 iam
1048 2832 1139 2889 supra
1152 2816 1227 2889 p.72
1239 2814 1305 2871 dixi.

288 2902 389 2972 Ouare
408 2904 500 2960 etiam
517 2904 550 2961 in
568 2904 691 2979 reliquis
710 2903 873 2963 virtutibus
891 2902 1055 2962 tractandis
1071 2904 1109 2964 iis
1129 2902 1305 2963 definitioni·

290 2992 355 3066 bus,
374 3010 450 3067 quas
465 2990 567 3050 Cicero
585 2993 750 3068 inscriptis
766 2994 835 3067 suis,
849 2994 977 3051 maxime
992 2992 1027 3049 de
1045 2992 1105 3049 inv.
1119 2990 1152 3050 H
1169 2993 1234 3051 160
1244 3010 1304 3067 sqq.

287 3081 427 3156 protulit,
450 3083 596 3156 quatenus
620 3085 689 3140 sunt
713 3081 881 3141 Stoicorum
904 3081 1059 3140 sententiis
1083 3084 1305 3154 consentaneae,

289 3239 359 3300 aar
376 3235 429 3302 (aa,
444 3233 508 3358 rs&
529 3239 571 3298 aa,
582 3238 616 3287 aa
631 3236 684 3303 (aa,
695 3239 729 3286 so
741 3232 782 3302 s);
802 3239 845 3300 24,
856 3238 889 3286 ar
904 3237 957 3302 (aa,
969 3238 984 3286 o
995 3232 1039 3303 s),
1056 3231 1305 3303 se,21(se,sas);

289 3308 472 3375 so‚1s(as,a
502 3308 520 3373 ).

381 3379 406 3445 1)
426 3376 459 3430 V.
469 3394 494 3430 v.
504 3393 527 3430 c.
543 3375 623 3429 'lbisc
639 3375 772 3444 disp.19.
802 3375 930 3430 Ceterum
943 3376 1049 3429 librum
1059 3374 1135 3429 dialo
1221 3375 1305 3430 fuisse

287 3447 425 3502 affirmari
443 3447 519 3501 haud
541 3449 649 3516 potest,
673 3465 736 3502 cum
761 3448 945 3501 conformatio
968 3445 1103 3501 orationis
1127 3462 1145 3500 a
1183 3446 1305 3501 Antonio

288 3519 397 3573 usitata
415 3536 471 3572 non
489 3518 531 3573 ita
550 3518 699 3573 abhorreat
725 3519 761 3572 ab
787 3535 833 3585 ea,
858 3535 914 3586 qua
940 3534 1025 3588 saepe
1050 3516 1141 3571 utitur
1159 3517 1257 3574 Cicero
1277 3518 1305 3571 in

287 3590 362 3645 libro
387 3590 422 3644 de
445 3590 545 3644 officiis
570 3589 742 3658 conscripto,
766 3590 874 3644 scilicet
897 3592 929 3642 ut
952 3589 1102 3659 aliquoties
1122 3590 1152 3643 in
1172 3590 1305 3644 continua

287 3662 416 3716 oratione
439 3664 537 3716 contra
559 3661 701 3716 dicentem
723 3660 841 3715 inducat
863 3662 1051 3730 nescioquem.
1134 3663 1161 3731 2)
1180 3661 1215 3716 V.
1235 3674 1304 3731 quae

286 3734 366 3787 dicta
384 3734 442 3787 sint
460 3748 546 3802 supra
564 3752 591 3801 p.
607 3739 692 3800 bouq.
766 3735 793 3803 3)
811 3732 845 3786 V.
865 3748 937 3800 quae
956 3732 1089 3802 legantur
1109 3732 1140 3785 in
1165 3730 1304 3787 Ciceronis

286 3804 422 3860 editionis
442 3820 459 3859 a
477 3804 590 3858 Baitero
609 3806 639 3857 et
656 3804 780 3873 Kaysero
800 3803 942 3857 confectae
962 3804 1014 3859 vol.
1029 3804 1067 3857 XI
1084 3820 1111 3871 p.
1124 3809 1166 3858 76.
