3000 4475
452 427 477 501 s.
499 421 550 477 on
568 421 773 477 uoumrsos
791 422 971 478 munins
1178 424 1225 487 47
1251 451 1252 455 ¹

199 575 330 643 ducisse,
348 592 428 634 nunc
445 570 486 634 od
503 575 642 634 mititiam
653 591 752 648 poroo
771 591 838 634 acre
856 575 983 649 emendo,
1005 592 1085 634 uoco
1102 576 1230 649 romipos

198 663 384 739 inperondo.
429 663 464 722 Si
490 664 562 738 quid
588 666 637 723 coi
664 666 778 737 arpenti
805 666 918 723 oerisoc
946 666 1051 738 fuerit,
1080 664 1230 738 stipendio-

199 755 346 828 rcrnipum
378 756 404 812 et
433 753 548 812 tributis
578 755 689 812 annuis
721 753 854 812 oblatum
879 801 885 813 .
907 797 939 810 ..
989 754 1074 813 Hooo
1102 769 1163 812 uon
1192 754 1231 810 ioc-

202 843 319 916 occuito,
349 843 401 900 sed
424 843 586 916 propalam
613 845 646 901 io
672 843 737 915 foro
765 847 851 916 atquo
878 842 969 901 ocutis
1000 845 1132 916 ipsorum
1160 859 1225 900 cou-

203 931 301 991 suiom
322 933 427 1005 tropeos
454 933 542 990 turbo
569 932 742 1004 circumfusi
768 932 943 1004 fremebant,
970 949 1022 991 occ
1049 948 1096 990 eos
1122 932 1231 990 seriore

204 1021 336 1080 cosmos
358 1038 439 1079 osone
461 1021 641 1095 costipoudo,
663 1037 743 1079 conc
766 1020 940 1079 consolando
957 1025 1103 1094 poteraut.
1150 1019 1228 1079 Con-

201 1110 281 1169 sules
319 1127 392 1169 vero
428 1109 491 1168 eius
529 1111 601 1169 anni
637 1111 723 1168 erant
755 1109 794 1167 M.
825 1108 967 1169 Claudius
1000 1109 1158 1169 Marcellus
1196 1112 1232 1167 et·

199 1199 241 1258 M.
265 1197 407 1256 Valerius
434 1197 583 1257 Laevinus
613 1190 692 1279 (Lis.
715 1198 816 1256 XXVI
840 1202 895 1273 22,
921 1190 986 1279 13).
1032 1198 1073 1257 Et
1098 1197 1231 1273 pecunie

200 1306 264 1364 qus
288 1305 364 1364 opus
388 1290 453 1346 erat
475 1290 581 1364 postea
603 1289 648 1347 ita
674 1289 783 1363 parete
811 1291 870 1362 est,
898 1291 932 1346 ut
960 1288 1130 1348 consulibus
1158 1305 1231 1346 unc-

198 1378 320 1437 toribus
343 1377 458 1452 primus
481 1376 553 1436 ordo
576 1378 743 1436 senatorius
772 1396 858 1436 omne
881 1395 969 1436 suum
998 1395 1047 1436 ees
1075 1376 1107 1435 in
1129 1375 1226 1452 publi·

200 1486 272 1527 cum
305 1465 467 1540 conferret3
504 1484 565 1541 quo
598 1465 732 1541 exemplo
769 1466 840 1526 dato
874 1466 1039 1526 multitudo
1075 1468 1230 1524 senatores-

202 1558 309 1616 secuta
330 1557 489 1630 pecuniam
518 1573 604 1614 susm
636 1554 741 1614 attulit
769 1547 842 1636 (ibd.
861 1555 962 1614 XXVI
981 1546 1047 1636 36).
1093 1554 1231 1613 Eandem

203 1663 268 1704 rem
303 1643 408 1720 paucis
443 1645 537 1703 refert
568 1644 674 1703 Festus
710 1662 733 1702 s.
767 1664 794 1703 v.
827 1645 1002 1703 tributorum
1037 1645 1232 1704 conlationem

209 1734 272 1793 364
289 1732 336 1807 Μ,
362 1726 645 1806 556,14Thewr.¹
691 1730 777 1802 Quod
809 1732 919 1792 eccidit
952 1752 1028 1792 anno
1061 1755 1089 1793 u.
1114 1753 1137 1793 o.
1164 1734 1227 1793 544

207 1814 249 1903 (n
273 1820 342 1882 chr.
365 1842 394 1882 n
419 1814 513 1903 210),
545 1821 614 1882 ride
640 1822 748 1881 Fastos
777 1822 816 1881 ad
842 1822 921 1882 hunc
950 1841 1061 1881 annum
1094 1826 1231 1882 servatos

205 1910 271 1971 CIL
298 1903 334 1970 1¹
363 1930 391 1987 p.
418 1913 490 1970 140.
552 1909 634 1980 Quae
665 1911 722 1971 hoc
759 1913 824 1971 loco
861 1913 1021 1971 memoriae
1053 1911 1232 1988 produntur,

202 2001 319 2078 optime
347 1999 386 2058 sd
414 1999 490 2060 illud
512 1999 638 2060 Antonii
665 2006 730 2074 trop
758 2001 1016 2060 desordoooomcot
1039 2020 1143 2076 procer
1164 2002 1232 2060 leur

197 2089 310 2166 peropto
329 2091 381 2164 20,
393 2091 433 2149 23
454 2085 521 2171 (21,
532 2090 573 2148 28
585 2081 621 2170 S)
641 2089 788 2165 quadrare
808 2091 876 2165 quis
895 2092 941 2149 est
960 2091 1032 2165 quin
1051 2087 1231 2167 intellegat?

204 2178 266 2239 Sed
294 2178 388 2238 etism
416 2177 500 2238 eliud
527 2178 608 2255 quod
635 2178 751 2238 lucrum
773 2179 860 2239 nobis
887 2179 1030 2257 obtingit,
1059 2197 1126 2239 oum
1150 2198 1230 2239 com-

203 2268 348 2347 perimus,
367 2269 511 2345 quidnam
528 2269 581 2328 ille
598 2268 857 2328 Brwniooeotimcs
874 2268 932 2329 sibi
949 2269 1031 2328 velit.
1064 2270 1144 2327 Nam
1162 2288 1233 2328 oum

206 2357 289 2435 opud
301 2356 423 2416 Livium
440 2376 581 2417 unacum
596 2357 738 2416 Marcello
752 2357 950 2419 Laevinum
968 2359 1120 2417 consulem
1137 2359 1232 2416 fuisse

205 2448 424 2519 invenerimus,
455 2446 534 2505 illud
561 2448 659 2507 nescio
691 2446 765 2522 quid
796 2448 938 2523 nominis,
971 2447 1051 2523 quod
1080 2447 1233 2506 Antonius

208 2535 324 2612 landet,
349 2554 383 2594 ex
405 2535 538 2595 Laevino
562 2538 735 2611 corruptum
759 2555 822 2596 esse
845 2536 961 2612 liquido
985 2539 1122 2612 apparet,
1145 2555 1230 2612 prae·

208 2624 312 2685 sertim
344 2643 412 2684 cum
441 2626 532 2684 etiam
563 2625 643 2700 apud
675 2624 850 2702 scriptorem
881 2625 1141 2703 Francogsllicum
1171 2626 1233 2683 iste

210 2714 466 2774 anloocntioos
488 2732 554 2773 cum
577 2713 720 2773 Marcello
743 2717 918 2775 coniunctus
941 2707 1093 2773 exsistst².
1170 2735 1171 2738 ¹

301 2895 327 2962 1)
352 2892 447 2946 Etiam
470 2891 584 2947 Orosius
598 2892 637 2947 lV
653 2898 695 2959 1‘1,
711 2899 743 2947 13
763 2892 938 2962 inspiciatur.
1035 2895 1061 2963 2)
1086 2891 1233 2957 Quomodo

206 2964 344 3020 mendum
362 2964 482 3019 fortasse
501 2967 593 3018 ortum
612 2965 658 3031 sit,
676 2964 815 3019 Ricardus
829 2964 973 3020 Wuensoh
988 2965 1149 3019 coniectura
1164 2980 1234 3019 enu-

208 3035 303 3091 cleare
326 3037 443 3090 conotus
466 3036 517 3090 est.
555 3035 704 3105 Scriptori‚
731 3036 789 3090 sive
812 3036 952 3091 Antonius
975 3036 1031 3090 fuit
1054 3036 1111 3090 sive
1133 3035 1158 3089 is
1182 3034 1232 3103 qui

208 3107 324 3177 scripsit
341 3106 455 3172 librum,
475 3123 530 3175 quo
543 3107 684 3161 Antonius
702 3107 845 3175 utebatur,
864 3106 894 3161 in
907 3108 997 3162 vicem
1013 3106 1135 3162 nominis
1154 3105 1232 3160 illius

207 3177 795 3320 tttptttittttttttssmtitt
813 3178 1233 3305 1221121122

208 3336 274 3375 mse
287 3322 429 3375 versatum
442 3336 504 3376 esse
522 3323 595 3375 teste
610 3320 818 3391 Scederhjelmo
833 3323 918 3377 Notos
933 3340 960 3391 p.
973 3324 1029 3391 16):
1049 3338 1105 3389 quo
1123 3320 1234 3375 factum

210 3391 263 3459 sit,
289 3394 323 3446 ut
346 3392 505 3447 efficeretur
527 3392 709 3447 Lucentious.
747 3394 878 3447 Fortasse
902 3409 937 3447 ex
967 3394 1125 3447 correctura
1150 3393 1233 3447 loscio

211 3461 313 3518 additor
331 3480 422 3532 neque
440 3465 517 3519 recte
539 3462 686 3518 intellecta
709 3463 782 3518 illud
805 3465 877 3519 troo
896 3458 1026 3530 accessit,
1048 3480 1105 3534 qua
1123 3464 1234 3517 ratione

211 3536 305 3589 ortum
324 3536 368 3589 est
384 3533 457 3588 illud
475 3552 577 3589 nomen
590 3537 840 3591 Brsmlooentious.
869 3534 961 3589 Aliter
977 3535 1032 3590 hoc
1049 3551 1152 3590 nomen
1171 3551 1233 3588 cor-

211 3605 286 3660 rexit
303 3604 346 3659 vir
364 3606 463 3659 doctus
477 3606 510 3661 A.
521 3606 652 3675 Jesnroy,
671 3607 721 3675 qui
739 3606 770 3660 in
788 3606 968 3677 ephemeride
982 3623 1055 3675 quoe
1069 3605 1234 3661 inscribitur

213 3678 355 3733 Romania
373 3676 475 3730 XXXV
494 3682 563 3731 1906
581 3695 609 3747 p.
624 3683 676 3733 486
695 3678 769 3732 illud
787 3694 847 3733 esse
866 3694 967 3733 nomen
982 3680 1118 3733 Bruoctto
1131 3678 1235 3733 Latini

189 3800 191 3805 .
213 3748 331 3829 censuit.
346 3818 352 3829 1
369 3746 424 3801 Sed
447 3765 510 3802 cum
532 3748 616 3818 pluro
638 3766 694 3803 non
718 3748 860 3817 attulerit,
885 3750 1014 3818 equidem
1042 3748 1233 3804 coniecturam

213 3835 273 3875 onus
296 3834 420 3889 recipere
438 3836 495 3874 non
512 3836 634 3890 possum.
