3000 4475
378 428 402 476 5.
426 421 474 475 on
495 420 675 477 consona
694 419 849 475 lurouu
867 392 1036 474 lucrosa
1177 417 1220 481 65

195 576 333 634 tentiam
357 572 595 648 Soederhjelmus
618 572 637 632 l.
656 573 676 630 l.
699 573 732 630 in
750 571 921 631 Aristotelis
944 569 1020 629 libro
1044 572 1097 647 qui
1119 570 1221 630 inscri-

196 663 288 721 bitur
306 662 434 721 Politice
457 661 574 721 etiamsi
598 661 658 719 alio
676 661 741 720 loco
760 661 890 720 inveniri
907 660 1036 735 exponit.
1082 659 1124 718 Ut
1142 662 1222 717 enim

194 753 352 810 Antonius
385 751 572 809 adulatorem
605 751 693 825 quasi
724 749 842 809 clavum
874 751 906 807 in
939 749 1075 808 dextrum
1107 749 1221 808 domini

193 842 323 901 oculum
344 838 435 917 figere
459 839 541 914 dicit,
570 841 615 898 ita
639 840 766 916 legimus
791 839 872 915 apud
895 838 1088 896 Aristotelem
1111 837 1174 897 Pol.
1193 838 1222 894 V

198 934 220 991 9
247 921 321 1011 (11)
345 950 374 1005 p.
401 930 486 988 1314
511 947 529 986 a
554 930 572 987 5
603 928 772 987 adulatores
802 928 898 986 malos
931 945 994 986 esse
1025 930 1054 986 et
1081 925 1143 1010 ἥλῳ
1163 924 1221 1006 γὰρ

201 1015 219 1079 ὁ
253 1009 338 1095 ἧλος,
371 1016 467 1095 ὥσπερ
499 1013 518 1094 ἡ
555 1010 727 1096 παροιμίαι.1
780 1017 821 1076 ut
858 1035 1041 1092 quamquam
1072 1015 1221 1075 Antonius

198 1108 376 1168 Aristotelis
405 1109 584 1166 sententiam
613 1125 673 1165 non
703 1106 741 1165 ad
770 1106 894 1165 verbum
922 1107 1065 1181 expressit
1088 1124 1122 1164 ac
1150 1104 1236 1178 libri

199 1201 234 1256 et
253 1198 361 1274 capitis
380 1215 536 1254 numerum
555 1198 703 1254 mutatum
722 1195 821 1270 habet,
844 1197 945 1254 tamen
963 1194 1088 1253 Antonii
1107 1194 1221 1253 dictum

199 1286 301 1346 verbis
320 1285 491 1345 Aristotelis
510 1289 574 1344 tam
592 1285 689 1344 simile
708 1287 762 1360 est,
782 1287 820 1343 ut
838 1285 977 1360 scriptori
996 1283 1220 1360 Francogallico
1315 1311 1322 1324 ·

199 1376 281 1434 hunc
308 1374 407 1434 locum
435 1373 528 1433 oculis
556 1374 746 1433 obversatum
774 1392 836 1434 esse
864 1373 1005 1432 arbitrari
1026 1372 1124 1431 liceat.
1171 1371 1220 1430 Se-

201 1467 308 1541 quitur
325 1465 428 1542 igitur‚
451 1467 486 1522 ut
502 1462 634 1522 Antonio
655 1463 793 1521 laudanti
813 1464 970 1538 scriptores
990 1463 1129 1537 antiquos
1148 1464 1221 1521 satis

201 1572 315 1632 magna
337 1552 410 1612 fides
432 1552 568 1611 habenda
592 1553 639 1611 sit.

295 1641 353 1701 Sed
366 1643 462 1700 multo
476 1643 620 1700 maiorem
633 1641 721 1700 fidem
736 1641 764 1699 ei
777 1640 962 1719 habebimus,
980 1640 1032 1698 ubi
1046 1640 1220 1715 compereri-

200 1751 268 1791 mus
282 1731 400 1806 reliqua
420 1749 495 1806 quae
516 1729 754 1807 Soederhjelmns
764 1731 829 1788 ¹hac
848 1730 883 1787 de
898 1750 929 1790 re
943 1729 1078 1805 protulit.
1103 1709 1161 1798 Qut
1175 1731 1221 1789 vir

202 1821 309 1880 doctus
328 1821 389 1878 iam
401 1818 561 1893 chc·crsiqt
578 1840 606 1895 p.
620 1821 709 1895 7sqq.
724 1819 835 1894 optime
849 1819 885 1878 de
899 1819 1025 1878 Antonii
1043 1819 1221 1877 auctoritate
1308 1869 1310 1874 .

201 1909 358 1983 iudicarit,
382 1912 411 1967 et
433 1909 466 1966 in
488 1909 565 1968 libro
589 1911 642 1985 qui
663 1908 824 1983 inscriptus
848 1911 894 1967 est
912 1908 1001 1967 Notas
1024 1926 1077 1966 sur
1095 1905 1222 1966 Autoiac

200 2001 239 2058 dc
263 2001 293 2057 lo
315 1997 385 2057 Sale
411 1997 468 2057 hoc
495 1998 638 2056 iudicium
666 1999 851 2074 gravissimis
878 1998 1059 2056 testimoniis
1081 1996 1220 2056 firmavit.

201 2089 283 2147 Nam
310 2090 470 2163 postquam
496 2087 621 2145 Antonii
651 2088 790 2145 notitiam
823 2085 1003 2162 scriptorum
1030 2088 1221 2160 antiquorum

202 2178 363 2255 praecipue
386 2176 589 2235 Romanorum
611 2175 673 2233 iam
694 2177 728 2233 in
750 2175 855 2252 primis
879 2176 941 2234 eius
967 2175 1050 2233 libris
1074 2193 1221 2233 summam

202 2269 344 2326 exsistere
371 2266 391 2325 l.
405 2266 425 2326 l.
448 2258 611 2342 exposuit²‚
638 2265 748 2324 multos
771 2266 852 2324 locos
876 2284 911 2323 ex
933 2265 1058 2323 Antonii
1082 2265 1220 2340 operibus

203 2356 332 2431 profert,
364 2354 470 2431 quibus
493 2374 553 2413 non
576 2356 674 2414 solum
696 2355 775 2413 hunc
799 2355 957 2429 scriptores
980 2355 1130 2413 Romanos
1154 2354 1220 2412 dili-

205 2448 310 2521 genter
334 2446 364 2504 et
388 2448 524 2503 accurate
547 2445 654 2521 legisse
678 2443 875 2517 demonstrat,
898 2443 950 2502 sed
973 2443 1064 2502 etiam
1087 2462 1122 2502 ea
1146 2462 1221 2518 quae

204 2553 241 2593 ex
268 2534 328 2593 illis
361 2533 477 2608 profert
507 2537 587 2591 recte
619 2550 682 2591 esse
714 2533 835 2607 prolata
870 2532 986 2609 probat.
1038 2532 1102 2602 Qua
1129 2533 1161 2589 in
1188 2552 1220 2590 re

204 2622 306 2682 videas
331 2640 408 2698 quae
431 2623 512 2681 dicat
536 2620 772 2697 Soederhjelmus
795 2621 814 2681 l.
829 2623 848 2679 l.
867 2642 895 2697 p.
913 2623 1019 2697 63sq.‚
1041 2624 1080 2680 77
1093 2640 1149 2697 sq,
1169 2622 1220 2696 82,

206 2713 259 2786 89,
285 2714 335 2771 91.
381 2710 484 2787 Atque
506 2713 608 2770 nostra
632 2712 735 2787 magni
757 2712 881 2769 interest
904 2715 934 2770 et
957 2710 1037 2786 apud
1055 2711 1221 2773 Antonium'

205 2804 327 2861 nomina
350 2801 441 2858 etiam
464 2801 592 2859 aliorum
614 2800 793 2874 scriptorum
815 2803 955 2876 corrupta
975 2800 1116 2872 inveniri,
1138 2800 1222 2859 velut

295 3025 322 3092 1)
339 3022 438 3091 Neque
455 3022 503 3075 hic
521 3022 686 3077 vetustiores
707 3022 865 3077 Aristotelis
884 3022 1022 3076 editiones
1041 3039 1111 3090 quae
1134 3023 1218 3092 inspi-

203 3110 267 3148 cere
294 3093 374 3163 potui
402 3092 489 3147 alium
516 3094 652 3162 praebent
679 3094 806 3161 capitum
833 3109 923 3162 neque
948 3110 1060 3163 prorsus
1086 3093 1220 3148 librorum

202 3180 359 3219 numerum.
396 3164 485 3218 Paulo
508 3167 604 3219 tamen
627 3163 696 3219 olim
719 3165 860 3219 diversum
883 3165 969 3219 fuisse
993 3181 1056 3218 eum
1080 3181 1096 3217 a
1117 3168 1220 3219 nostris

202 3236 377 3290 editionibus
392 3237 476 3290 docet
484 3236 527 3288 vir
540 3236 639 3290 doctus
653 3236 790 3290 Jourdain
803 3237 833 3289 in
846 3236 919 3290 libro
933 3235 985 3304 qui'
994 3236 1157 3290 inscribitur
1169 3237 1220 3291 Ge·

200 3308 318 3363 ccticbtc
332 3309 381 3362 dcc
390 3308 601 3363 aristotelisctcn
610 3307 749 3374 Schriften
763 3310 801 3362 im
808 3308 983 3373 Mittclcltcr,
997 3310 1083 3363 tibere.
1094 3325 1118 3361 o.
1129 3310 1220 3373 Stator,

204 3379 374 3434 Rutulam
393 3398 420 3447 p.
438 3383 498 3432 190.
531 3377 622 3443 Quare
637 3378 929 3435 contextumAntonii
948 3381 979 3431 ut
997 3379 1027 3431 in
1046 3378 1109 3432 aliis
1129 3380 1220 3446 rebus,

201 3449 246 3503 ita
265 3449 295 3503 in
313 3448 364 3503 his'
377 3449 499 3504 numeris
518 3448 667 3503 afferendis
686 3452 847 3519 corruptum
870 3467 930 3505 esse
953 3450 1023 3504 mihi
1042 3449 1219 3504 verisimilius

204 3520 323 3575 videtur.
353 3519 483 3576 Ceterum
497 3521 532 3576 de
551 3520 600 3575 illo
615 3521 762 3591 proverbio
782 3521 876 3592 agitur
889 3522 919 3574 in
930 3520 1050 3591 Corpore
1064 3522 1220 3590 paroemio-

203 3592 375 3661 graphorum
395 3592 564 3647 Graecorum
582 3593 658 3662 quod
676 3592 826 3647 ediderunt
843 3593 963 3647 Leutsch
982 3597 1011 3646 et
1026 3592 1220 3647 Schneidewin

203 3663 296 3731 1253,
317 3668 382 3728 3633
401 3662 501 3718 11116.
592 3666 618 3733 2)
641 3662 832 3733 Soedcrhjelm
850 3665 935 3720 Notcs
953 3682 980 3733 p.
997 3670 1042 3718 18:
1067 3666 1088 3717 I
1089 3667 1099 3718 l
1117 3672 1220 3719 oaootoc

205 3735 251 3790 dcc
277 3752 328 3790 coa
351 3736 470 3803 premier
496 3752 613 3805 ocorupc
635 3752 689 3790 uoce
711 3737 908 3790 waaotssaucc
931 3737 1113 3805 approfoadic
1135 3733 1165 3789 d'
1181 3754 1220 3790 aa

201 3807 296 3876 praed
314 3807 423 3860 nombre
441 3806 585 3861 d'autcurs
603 3808 695 3861 latina
1216 3842 1217 3845 =

258 3904 337 3953 Suppl.
349 3904 450 3945 ciceron.
464 3904 498 3945 ed.
509 3904 710 3957 Knoellinger.
1043 3902 1058 3950 5
