3000 4475
681 873 940 948 CONOLUSIO

390 1055 478 1113 Nunc
505 1059 665 1131 postquam
696 1074 731 1115 ea
760 1074 835 1132 quae
863 1056 933 1115 huic
959 1056 1036 1116 libro
1063 1057 1189 1117 infuisse
1217 1075 1305 1116 censeo

301 1142 422 1221 collegi,
450 1144 485 1202 de
508 1145 694 1223 singularum
721 1147 937 1204 sententiarum
965 1164 1077 1205 conexu
1105 1149 1136 1204 et
1164 1143 1201 1205 de
1226 1148 1304 1206 totius

301 1231 371 1291 libri
394 1234 607 1310 compositione
630 1253 728 1310 pauca
751 1236 803 1308 eis,
831 1253 907 1310 quae
934 1235 996 1293 iam
1023 1256 1051 1311 p.
1078 1237 1117 1294 71
1135 1253 1201 1312 sqq.
1229 1238 1258 1294 et
1276 1233 1306 1294 ad

301 1321 420 1398 singula
437 1323 608 1400 fragmenta
627 1326 757 1399 exposui,
780 1323 896 1382 addam.
943 1323 1074 1383 Primam
1092 1327 1212 1400 partem
1229 1323 1306 1383 fuisse

301 1410 337 1468 de
360 1412 478 1471 iustitia
500 1412 662 1472 verisimile
686 1416 731 1471 est
754 1404 862 1494 (supra
880 1433 908 1489 p.
929 1414 970 1470 72
985 1405 1052 1492 sq.).
1098 1413 1140 1472 nt
1163 1432 1199 1472 ea
1225 1414 1307 1472 virtus

301 1498 441 1560 definitur
473 1493 528 1581 (11.
555 1494 606 1582 2);
643 1504 709 1560 tum
741 1521 809 1561 cam
839 1502 986 1577 imprimis
1019 1502 1057 1560 ad
1092 1501 1256 1579 principes,
1282 1501 1307 1559 id

301 1592 346 1648 est
369 1591 407 1648 ad
431 1609 561 1649 summos
584 1591 628 1650 rei
650 1590 788 1666 publicae
811 1591 963 1649 Romanae
991 1592 1070 1650 viros
1093 1594 1245 1668 pertinere
1270 1610 1307 1651 ex·

300 1681 424 1754 ponitur
456 1674 510 1760 (fr.
531 1672 579 1760 3).
635 1681 680 1738 111
713 1699 773 1756 qua
805 1679 910 1739 deinde
940 1679 1076 1758 singulae
1105 1682 1238 1741 actiones
1269 1681 1307 1738 de·

301 1767 452 1827 ducendae
476 1771 546 1827 sunt
569 1761 618 1849 (fr.
639 1771 669 1844 4,
689 1762 732 1851 5).
778 1769 844 1828 Iam
872 1770 1028 1829 clementia
1055 1769 1242 1845 postulatur,
1268 1767 1309 1828 sed

301 1861 462 1933 autequam
485 1858 521 1917 de
545 1877 580 1917 ea
603 1859 698 1918 fusius
722 1860 831 1936 agitur,
855 1859 912 1917 duo
932 1877 1041 1937 genera
1059 1860 1197 1918 iustitiae
1216 1860 1309 1918 distin-

301 1946 420 2022 guenda
438 1965 501 2006 esse
520 1948 679 2023 exponitur
697 1940 747 2027 (fr.
765 1940 808 2029 7),
828 1950 859 2006 et
877 1947 913 2007 de
931 1948 1049 2006 iustitia
1068 1948 1178 2025 agendi
1193 1950 1310 2008 maxime

300 2035 332 2092 in
355 2035 411 2094 hac
433 2035 505 2094 libri
528 2040 614 2112 parte
637 2036 797 2096 dissertum
824 2055 887 2095 esse
914 2036 1040 2095 videtur.
1087 2037 1205 2096 Deinde
1229 2040 1310 2096 etiam

301 2122 459 2183 clementie
472 2127 607 2184 iustitiae
621 2125 763 2185 adiuncta
773 2126 892 2185 uberius
907 2128 1055 2184 tractatur
1069 2117 1120 2207 (fr.
1132 2119 1167 2206 8)
1184 2130 1214 2185 et
1227 2128 1311 2185 nimia

299 2215 452 2274 miseratio
471 2215 705 2291 reprehenditur.
742 2215 772 2274 Is
792 2217 893 2274 autem
911 2215 1058 2292 princeps,
1078 2217 1131 2292 qui
1149 2215 1248 2276 iustus
1267 2217 1313 2288 est,

300 2303 392 2363 etiarn
404 2303 519 2362 bellurn
532 2323 592 2363 non
606 2304 664 2363 nisi
678 2305 790 2363 iustum
805 2305 948 2380 suscipiet
961 2307 1051 2379 atque
1065 2323 1172 2381 pacem
1189 2306 1312 2366 servabit

300 2384 351 2472 (fr.
372 2385 415 2471 9).
461 2393 544 2452 Idem
572 2412 674 2452 omues
702 2393 817 2467 audiet,
846 2396 899 2470 qui
928 2394 1077 2469 supplices
1108 2413 1179 2453 eum
1210 2396 1313 2455 adeunt

299 2474 349 2559 (fr.
363 2474 428 2563 10),
448 2482 528 2556 quod
543 2482 704 2541 affabilitas
718 2484 751 2540 in
768 2483 871 2541 eadem
888 2484 1006 2542 iustitia
1020 2483 1199 2542 continetur.
1233 2485 1312 2543 Prae

299 2573 383 2630 terea
396 2572 534 2647 princeps
548 2572 645 2629 iustus
661 2590 777 2647 semper
790 2571 900 2630 civium
913 2571 991 2631 bono
1006 2571 1146 2647 studebit,
1166 2593 1259 2649 quare
1273 2590 1313 2631 res

298 2659 419 2719 venales
432 2661 500 2718 tuto
514 2660 719 2736 importandas
733 2664 825 2736 atque
840 2660 1038 2737 exportandus
1057 2660 1176 2720 curabit
1191 2655 1242 2743 (fr.
1255 2655 1312 2743 11),

298 2747 445 2807 tributum
477 2767 537 2807 non
564 2750 622 2807 nisi
650 2750 826 2808 necessitate
854 2752 974 2809 coactus
1005 2750 1140 2825 imponet
1173 2750 1224 2831 (11.
1251 2744 1314 2832 11),

299 2837 419 2897 omnino
447 2837 526 2896 cives
553 2856 613 2898 non
640 2838 781 2915 gravabit
807 2858 856 2912 eo,
886 2839 966 2914 quod
993 2838 1082 2898 nimis
1109 2841 1255 2915 pecuniae
1281 2840 1313 2899 ab

298 2925 336 2985 iis
366 2928 445 3001 petit
474 2918 524 3008 (11.
551 2918 616 3006 13).
665 2927 743 2986 Item
771 2947 806 2985 ex
833 2928 953 2987 iustitia
982 2928 1087 2986 deduci
1118 2932 1220 3005 potest
1250 2947 1315 2989 cura

298 3034 399 3073 rerum
435 3015 474 3073 ad
510 3016 670 3075 vivendum
701 3018 949 3092 necessariarum,
987 3016 1094 3093 quibus
1125 3018 1314 3094 providendis

298 3105 395 3163 iustus
418 3104 555 3181 princeps
579 3123 696 3183 semper
718 3124 840 3181 operam
863 3107 988 3165 navabit
1010 3098 1060 3187 (fr.
1083 3100 1149 3187 14),
1173 3126 1243 3167 cum
1265 3109 1315 3167 hoc

298 3195 454 3252 universae
487 3194 605 3254 civitati
627 3197 758 3256 maximo
791 3196 990 3254 emolumento
1018 3196 1065 3255 sit.
1125 3196 1212 3257 Idem
1242 3217 1315 3257 corn·

298 3302 387 3342 mune
415 3284 604 3343 commodum
636 3288 774 3359 spectans
803 3286 942 3362 princeps
972 3285 1116 3363 impedire
1147 3286 1252 3363 debet,
1283 3305 1317 3345 ne

300 3373 367 3448 quis
405 3373 447 3431 eis
483 3372 572 3433 rebus
604 3375 753 3449 potiatur,
790 3392 867 3450 quae
900 3373 1022 3433 alterius
1059 3380 1130 3433 sunt
1163 3367 1317 3459 (11.15).1

299 3460 384 3530 Quod
407 3462 433 3520 si
455 3461 567 3522 facient
589 3462 612 3520 ii
635 3464 756 3537 quires
778 3462 915 3540 publicas
938 3461 1164 3539 administrant,
1192 3465 1320 3526 libenter

384 3633 410 3700 1)
424 3631 590 3700 δικαιοσύνη
605 3630 739 3701 ἐπιστήμη
754 3632 989 3701 &acceperant
1004 3640 1062 3701 τῆς
1075 3632 1177 3700 ἀξίας
1192 3636 1321 3710 ἑκάστῳ

299 3701 382 3757 Stoic.
398 3702 470 3773 frag.
484 3702 524 3756 111
538 3703 666 3757 261111.
