3000 4475
516 461 541 510 3.
560 456 609 509 DE
627 455 780 510 LEGIBUS
799 455 980 511 LAUDATIS
1212 456 1255 522 53

234 605 359 683 publica
381 607 517 666 Romana
539 607 745 666 excellentium
765 606 867 667 Cicero
890 609 1017 683 protulit
1039 629 1093 685 pro
1113 607 1192 667 Cael.
1213 610 1254 667 39

237 689 385 776 (Fabricii
409 695 529 754 Camilli
552 690 661 776 Ourii)3
685 697 722 755 de
745 695 1074 772 or.11290;11156.

327 784 386 844 Sed
404 790 438 844 ut
456 788 557 846 omnia
580 785 771 861 expediamus
795 804 870 860 quae
889 805 924 844 ex
939 786 1026 845 Tullo
1050 789 1170 862 sumpta
1193 805 1261 846 esse>

236 877 368 934 lectatur
389 874 553 949 Antonius,
581 877 723 950 sequatur
750 874 805 933 illa
832 875 889 933 lex
917 875 1070 934 secunda
1094 869 1254 949 Romana¹‚

237 982 315 1039 quae
335 966 376 1022 sil
395 957 533 1044 (34,14;
555 957 730 1044 26,1es):
756 959 853 1023 ‘Sicut
871 965 949 1024 cives
968 965 1121 1023 commodo
1141 965 1254 1023 domini

237 1053 357 1112 studere
385 1052 506 1126 debent,
537 1056 583 1111 ila
609 1053 759 1128 principes
787 1054 897 1112 civium
924 1052 1024 1112 saluli'
1043 1053 1194 1128 studeant,
1226 1059 1256 1112 ελ

238 1143 315 1201 alter
351 1162 406 1218 pro
439 1143 534 1201 altero
566 1142 614 1202 vel
645 1161 765 1220 pugnae
797 1161 828 1202 se
860 1144 1044 1202 committere
1073 1145 1102 1201 ελ
1129 1145 1256 1201 mortem

236 1234 379 1308 oppetere
407 1227 512 1291 debet.’
560 1230 708 1306 Equidem
740 1231 777 1290 de
807 1231 945 1290 clientela
973 1231 1165 1310 cogitandum
1193 1250 1255 1290 essa

237 1322 322 1396 puto.
355 1320 434 1379 Nam
453 1339 520 1379 cum
538 1323 680 1396 patronos
700 1321 793 1379 saluii
811 1321 964 1380 clientium
983 1321 1101 1380 studere
1119 1320 1255 1379 debuisse

235 1429 272 1468 ex
294 1409 443 1486 Dionysio
466 1409 618 1469 Halicarn.
643 1412 765 1483 scimus,
794 1412 847 1485 qui
868 1409 939 1468 Ant.
962 1409 1046 1469 Rom.
1069 1409 1101 1468 H
1122 1411 1162 1468 10
1186 1408 1256 1480 τοὺς

235 1497 413 1576 πατρικίους
434 1499 535 1574 inquil
557 1496 616 1558 ἔδει
638 1496 795 1578 παρόντων
814 1489 887 1580 (τῶν
906 1496 1019 1558 ἑαυτῶν
1037 1489 1184 1580 πελατῶν)
1205 1497 1255 1557 καὶ

237 1586 278 1666 psl
312 1585 469 1666 παρόντων
501 1586 553 1646 τὸν
584 1586 675 1647 αὐτὸν
708 1585 957 1665 ἐπιμελεῖσθαι
993 1586 1103 1668 τρόπον
1140 1587 1256 1647 ἅπαντα

240 1676 422 1754 πράττοντας
446 1675 501 1736 ὅσα
519 1674 585 1756 περὶ
603 1676 720 1736 παίδων
737 1675 899 1756 πράττουσι
916 1675 1049 1754 πατέρες·
1073 1673 1112 1749 ὡς
1131 1669 1159 1736 d’
1172 1673 1255 1756 ὀλίγα

239 1764 305 1842 περὶ
341 1769 459 1824 πολλῶν
490 1763 529 1824 dv
561 1788 605 1836 τις
636 1765 728 1843 εἴποι,
765 1774 863 1824 πᾶσαν
900 1763 1000 1838 αὐτοῖς
1037 1764 1159 1846 εἰρήνην
1196 1774 1255 1825 τῶν

239 1847 268 1914 δ’
292 1853 379 1914 ἰδίων
402 1853 533 1914 καὶτῶν
559 1863 670 1915 κοινῶν
698 1853 878 1935 πραγμάτων
905 1851 945 1926 ὡς
973 1845 1085 1932 μάλιστ’
1111 1852 1254 1914 ἐδύναντο

236 1940 390 2023 παρέχειν,
413 1947 479 2002 tum
501 1945 623 2004 clientes
642 1945 731 2002 simul
750 1964 817 2004 cum
837 1946 972 2020 patronis
996 1947 1026 2003 ελ
1042 1962 1097 2020 pro
1120 1945 1254 2020 patronis

235 2033 300 2093 suis
334 2032 372 2091 ad
408 2032 519 2092 bellum
555 2033 704 2109 profectos
748 2051 810 2093 esse
847 2051 1058 2108 saepenumero
1096 2025 1256 2092 audimus?

234 2122 324 2182 Adde
348 2123 429 2197 quod
452 2141 541 2198 penes
563 2125 725 2198 patronum
748 2125 814 2182 erat
833 2124 914 2180 vitae
937 2124 1076 2197 necisque
1099 2114 1255 2198 ρολοολαε.8

236 2211 321 2283 Quae
346 2230 413 2271 cum
434 2213 479 2270 ita
502 2213 613 2287 essent,
639 2212 728 2272 facile
752 2212 862 2287 aliquis
884 2211 981 2290 legem
1005 2231 1040 2270 ex
1062 2213 1100 2270 iis
1124 2214 1255 2288 quaein

235 2320 328 2361 usum
354 2305 475 2377 recepta
502 2304 587 2360 erant
617 2302 782 2361 confectam
813 2303 846 2359 in
874 2302 1044 2377 principum
1076 2320 1146 2380 erga
1176 2302 1255 2361 cives

236 2391 339 2451 officia
357 2392 517 2451 transferre
535 2392 643 2467 potuit.
689 2391 807 2450 Prima
827 2393 926 2449 aulem
947 2390 1003 2449 lex
1020 2389 1156 2450 Romana
1175 2390 1255 2467 apud

237 2480 363 2539 'l‘ullum
392 2480 524 2538 Antonio
555 2482 675 2539 auctore
705 2481 760 2555 34,
781 2482 821 2538 27
847 2471 919 2560 (26,
943 2481 984 2538 29
1010 2471 1043 2559 S)
1073 2482 1137 2537 erat
1168 2479 1254 2538 haec:

238 2565 362 2629 ‘Omnes
385 2587 439 2645 pro
467 2571 532 2627 iure
559 2571 590 2627 et
615 2569 755 2627 libertate
783 2587 867 2627 arma
895 2587 1008 2644 capere,
1034 2587 1182 2646 pugnare,
1216 2568 1255 2627 ad

236 2662 366 2717 mortem
392 2658 557 2716 obeundam
584 2660 685 2733 parali
712 2675 774 2716 esse
802 2652 930 2715 debent?
978 2657 1074 2727 Quam
1100 2658 1197 2735 legem
1219 2661 1256 2716 αλ

237 2747 462 2825 intellegamus,
504 2747 681 2806 conferenda
717 2746 803 2805 nobis
840 2749 912 2805 sunt
947 2746 1059 2805 similia
1094 2749 1255 2822 praecepta

238 2841 331 2914 atque
349 2836 425 2895 illud
444 2835 593 2896 Ciceronis
613 2837 648 2896 de
671 2836 749 2913 legg.
763 2836 810 2894 HI
830 2836 863 2893 8:
885 2834 975 2894 Solus
992 2836 1099 2909 populi
1116 2851 1255 2909 supremo

238 2928 285 2987 lea
313 2930 370 2985 asto
394 2925 446 2998 (iis
475 2928 526 3000 qai
554 2944 616 2984 rem
639 2926 791 2998 publicam
822 2925 1052 2999 administrarat).
1099 2925 1144 2982 lla
1175 2926 1254 2984 euim

238 3016 287 3075 lex
315 3017 373 3090 est,
402 3033 477 3090 quae
501 3034 519 3073 a
543 3013 662 3073 Graecis
688 3010 822 3093 ἄγραφος
845 3011 937 3090 νόμος
964 3019 1102 3088 vocatur,
1134 3014 1254 3073 similis·

239 3124 297 3181 que
321 3106 367 3163 est
393 3104 440 3162 illi
468 3123 557 3179 quam
582 3102 683 3163 Cicero
711 3122 765 3178 pro
793 3102 904 3161 Milone
926 3106 967 3162 10
991 3102 1088 3161 affert:
1116 3103 1175 3162 Est
1195 3120 1255 3161 νιοιι

237 3196 357 3268 scripto,
379 3194 430 3252 sed
451 3198 524 3252 νιολο
547 3193 605 3262 lec,
628 3212 717 3267 ραοαι
738 3209 798 3251 νον
821 3192 977 3251 didicimus
1001 3195 1163 3265 οοοορλααιε
1186 3193 1254 3267 lepl-

238 3300 315 3352 mus,
338 3300 439 3341 cerum
462 3300 496 3341 ea
517 3287 627 3340 παίωνα
650 3284 716 3354 ipsa
735 3284 919 3354 οννλροῶαοε
939 3282 1092 3339 hausimus
1115 3284 1254 3355 expressi-

239 3390 320 3441 mus,
343 3372 384 3430 od
406 3390 494 3445 quam
516 3389 576 3430 νιοο
599 3372 682 3446 docti,
708 3371 760 3429 sed
782 3373 862 3445 faeti,
889 3387 949 3428 νοω
971 3372 1105 3439 melilota,
1127 3370 1178 3429 sed
1201 3373 1252 3429 ι’ω-

241 3461 303 3520 buti
325 3478 441 3529 scmus,
468 3466 509 3530 αλ,
537 3463 564 3519 si
590 3462 651 3519 aito
679 3464 781 3518 nostro
807 3462 840 3519 λιι
868 3460 984 3534 aliquus
1006 3460 1146 3527 iusidias,
1173 3462 1200 3518 α’
1222 3462 1255 3518 in

332 3615 357 3682 1)
377 3611 454 3677 Quae
468 3611 527 3666 viro
543 3612 625 3665 docto
636 3610 803 3666 Guslafsson
818 3610 1033 3677 dubitacionem,
1050 3628 1118 3665 num
1132 3610 1254 3663 Antonio

242 3684 311 3739 fides
330 3687 368 3738 sit
386 3683 526 3750 habenda,
545 3682 652 3750 attulit,
673 3702 696 3737 v.
711 3699 785 3750 quae
804 3682 907 3737 dixerit
925 3683 1035 3752 BphW
1046 3687 1115 3735 1904
1133 3699 1160 3749 p.
1177 3687 1254 3736 1277.

243 3760 270 3824 2)
288 3755 404 3824 Dionys.
423 3754 514 3809 Halic.
533 3755 598 3808 Ant.
623 3754 703 3808 Rom.
717 3754 758 3808 VI
771 3759 821 3820 4⁷3
842 3758 889 3819 633
908 3753 960 3807 VH
980 3758 1025 3819 193
1045 3752 1084 3806 IX
1100 3758 1145 3818 153
1172 3752 1253 3806 X43.

244 3830 271 3897 3)
288 3827 444 3881 Mommsen
459 3827 551 3882 Rcem.
567 3826 680 3881 Fcrsch.
695 3825 708 3878 Ι
727 3844 755 3895 p.
770 3830 821 3878 369
841 3827 870 3879 ολ
889 3824 953 3879 adn.
964 3830 1006 3879 26.
