3000 4475
287 405 336 471 48
605 405 638 459 Π.
658 404 996 462 COMMENTATIONES

348 570 350 572 ·
381 556 494 626 Quibus
503 557 630 632 prolatis
644 576 743 616 meum
757 559 811 632 est,
825 560 968 633 qnoniam
982 558 1018 617 de
1030 557 1172 619 Cicerone
1186 563 1313 638 agimus,

287 646 451 722 inquirere,
466 648 497 704 et
508 648 554 704 ita
563 665 680 722 semper
692 649 814 706 acturus
824 665 898 722 sum,
912 646 1034 706 ubinam
1044 648 1162 708 Tullius
1174 650 1209 708 in
1220 651 1312 726 operi-

286 735 346 795 bus
360 737 421 794 suis
435 753 485 794 eos
494 737 583 809 viros,
594 754 667 810 quos
678 735 759 811 apnd
768 734 933 795 Antonium
942 737 1078 813 legimus,
1091 744 1311 815 commemoret,

292 827 439 900 quatenns
461 825 517 884 hoc
539 827 642 883 nostre
664 825 792 884 intersit.
838 825 937 901 Atque
955 825 994 884 M.
1013 826 1192 886 Marcellum
1213 826 1312 888 Oicero

288 931 380 990 saepe
403 907 565 988 laudavit¹,
593 914 645 973 sed
673 932 822 989 nusquam
845 914 934 973 huius
955 916 1000 973 rei
1025 916 1212 976 mentionem
1236 919 1311 979 fecit

287 1003 331 1063 M.
350 1006 450 1062 autem
468 1003 625 1062 Valerium
643 1002 809 1062 Laevinum
827 1005 917 1063 semel
936 1005 1181 1065 commemoravit
1196 1007 1311 1066 Tullius

288 1111 333 1153 or.
347 1094 380 1151 in
397 1091 428 1151 0.
443 1092 567 1152 Verrem
583 1091 631 1150 III
648 1093 720 1165 125,
737 1111 833 1167 neque
851 1096 953 1152 tamen
971 1093 1027 1153 hoe
1045 1093 1160 1154 factum
1179 1095 1309 1174 attingit.

379 1182 467 1241 Nune
490 1181 526 1240 de
547 1182 704 1255 Torqueo
729 1183 780 1256 20,
796 1183 838 1241 30
857 1177 921 1259 (21,
936 1183 977 1241 33
994 1177 1029 1263 S)
1051 1201 1151 1258 pauca
1170 1184 1310 1244 dieamus.

288 1270 378 1330 Hune
394 1271 559 1343 Torqccum
577 1269 736 1345 Antonine,
755 1289 822 1330 eum
836 1270 870 1345 is,
884 1273 920 1330 ut
939 1270 1108 1347 Scipionem
1125 1274 1159 1331 in
1177 1273 1309 1334 Africam

288 1360 434 1433 mitteret,
452 1359 563 1435 populo
583 1358 715 1418 subsidia
732 1358 949 1437 imperavisset,
966 1380 1021 1436 per
1038 1361 1150 1438 viginti
1169 1366 1311 1438 quattuor

290 1449 356 1509 dies
384 1466 402 1506 a
430 1449 542 1525 populo
570 1447 724 1506 obsessum
751 1450 782 1507 et
808 1451 841 1507 in
865 1447 1014 1525 capitolio
1042 1451 1223 1526 prehensum
1251 1470 1308 1512 esse

288 1540 404 1598 namet.
451 1537 605 1613 Torqueus
637 1539 738 1595 tamen
765 1557 873 1597 nomen
900 1538 1068 1597 Romanum
1100 1559 1161 1598 non
1193 1544 1256 1617 est,
1285 1543 1308 1600 si

287 1626 558 1702 circumspicimus,
589 1627 725 1701 proxima
752 1628 923 1686 coniectura
951 1628 1009 1686 erit
1035 1630 1070 1686 nt
1097 1647 1264 1704 sumamus,
1294 1649 1307 1689 c

293 1717 446 1790 Torquato
465 1735 573 1774 nomen
592 1719 766 1792 corruptum
785 1735 855 1776 esse.
893 1715 951 1775 Sed
970 1718 1045 1777 mihi
1064 1721 1203 1792 quamvis
1224 1738 1308 1794 quae-

287 1806 371 1864 renti
397 1824 546 1880 nusquam
572 1806 606 1863 in
632 1805 761 1864 historia
787 1805 923 1865 Romana
949 1807 1021 1866 talis
1052 1826 1099 1867 res
1127 1825 1159 1866 se
1192 1807 1307 1868 obviam

288 1886 399 1953 dedit².
446 1893 527 1954 Satis
559 1895 661 1953 antem
693 1895 731 1953 ad
762 1913 845 1969 eum,
878 1914 966 1970 quem
995 1895 1145 1956 Antonius
1178 1898 1307 1958 indicare

289 1983 368 2042 velle
400 1984 527 2057 videtin,
560 1983 689 2058 quadrat
716 1984 750 2041 Τ.
777 1983 907 2044 Manlius
935 1985 1114 2060 Torquatus,
1148 1987 1201 2061 qni
1234 2004 1307 2045 anno

289 2091 319 2130 a.
343 2093 372 2131 n.
392 2084 419 2130 c.
445 2073 507 2131 546
538 2065 579 2152 (a.
604 2071 671 2132 Chr.
695 2093 723 2131 n.
748 2064 827 2153 208)
856 2071 986 2133 dictator
1013 2075 1206 2135 comitiorum
1228 2076 1307 2135 Indo·

288 2181 416 2238 rumque
446 2162 650 2221 faciendorum
682 2180 772 2221 causa
799 2162 896 2222 dictus
925 2165 970 2222 est
1002 2155 1081 2245 (Liv.
1104 2163 1223 2225 XXVII
1247 2157 1307 2246 33).

289 2251 379 2320 Quod
396 2253 424 2311 si
437 2271 539 2311 vorum
555 2254 609 2325 est,
628 2252 773 2328 sequitur,
791 2255 826 2311 ut
840 2252 949 2328 Scipio,
968 2256 1091 2329 propter
1110 2273 1200 2329 quem
1218 2255 1308 2314 tribu·

288 2346 357 2400 tum
374 2341 550 2416 impositum
568 2344 621 2415 est,
640 2342 681 2401 sit
698 2340 731 2398 P.
746 2338 901 2401 Cornelius
921 2341 1020 2418 Scipio
1034 2342 1196 2403 Africanus
1216 2346 1309 2403 maior

289 2433 321 2489 et
340 2433 375 2489 nt
387 2431 442 2488 illa
455 2449 511 2505 res,
530 2432 614 2489 ouius
627 2430 676 2488 bic
690 2430 803 2488 mentio
821 2430 864 2504 fit,
883 2449 962 2490 anno
982 2450 1007 2490 a.
1022 2452 1050 2490 n.
1066 2450 1089 2491 o.
1106 2433 1170 2492 549
1190 2425 1234 2515 (a.
1245 2432 1306 2493 chr.

287 2540 319 2578 n.
335 2512 414 2601 205)
433 2520 583 2579 acciderit.
618 2518 663 2577 Ac
681 2520 780 2578 nescio
800 2538 838 2578 an
851 2522 1024 2580 testimonio
1043 2522 1091 2595 sit,
1110 2522 1191 2596 quod
1210 2540 1308 2583 secun·

288 2610 362 2667 dnm
376 2608 496 2667 Livium
509 2607 624 2666 XXVII
638 2610 740 2683 41,11
759 2608 797 2677 Q.
804 2608 914 2668 Fabius
928 2610 1076 2669 Maximus
1091 2610 1165 2669 dnos
1180 2610 1308 2671 diversos

291 2699 451 2773 exercitus,
477 2698 510 2755 in
531 2696 623 2756 Italia
646 2698 677 2755 et
698 2696 731 2754 in
754 2696 892 2772 Africa,
916 2699 1012 2757 alere
1037 2700 1221 2759 aerarium
1244 2718 1308 2760 non

288 2805 394 2864 posse
417 2788 449 2844 in
472 2787 578 2845 senatu
601 2777 703 2843 dixit³.
748 2786 882 2860 Accedit,
905 2788 985 2863 quod
1009 2806 1044 2847 ex
1062 2807 1105 2863 eo,
1130 2790 1213 2865 quod
1231 2790 1309 2849 idem

291 2876 401 2935 Fabius
414 2866 595 2935 Plutarcho4
611 2877 688 2933 teste
707 2875 874 2951 impedivit,
892 2895 930 2936 ne
949 2876 1082 2953 Scipioni
1101 2880 1229 2954 pecunia
1248 2879 1308 2938 scit

290 2985 327 3023 ex
350 2965 465 3023 aerario
484 2964 615 3037 daretur,
637 2963 670 3022 in
692 2965 819 3040 pecnnia
838 2983 856 3023 a
874 2967 1001 3041 privatis
1025 2968 1227 3043 comparanda
1245 2987 1309 3045 per·

289 3053 494 3113 turbationem
521 3055 635 3111 motam
663 3071 725 3112 esse
755 3054 883 3113 fortasse
913 3054 1087 3114 concludere
1116 3056 1195 3116 lieet.
1247 3057 1308 3116 Hoc

288 3161 361 3201 vero
394 3161 449 3218 pro
481 3143 561 3201 certo
594 3142 654 3200 dici
680 3145 780 3218 potest
807 3142 927 3202 Livium
955 3145 985 3202 et
1011 3143 1207 3204 Plutarchum
1238 3144 1308 3207 satis

289 3305 412 3430 orent}
431 3301 1128 3455 ditti..Pittttttdtttsst..tit.
1139 3306 1309 3448 iiiiii

289 3463 314 3501 s.
328 3465 352 3500 v.
372 3446 408 3499 Μ.
425 3444 558 3500 Claudius
577 3445 615 3498 M.
629 3444 660 3498 P.
675 3444 834 3499 Marcellus.
943 3450 969 3516 2)
993 3441 1078 3502 Facio
1102 3465 1166 3503 eum
1189 3449 1308 3504 Ricardo

290 3516 435 3573 Wnensch
452 3517 581 3571 Zeiteebr.
595 3518 616 3583 f.
630 3518 721 3583 frons.
736 3517 799 3585 Spr.
814 3535 841 3572 u.
857 3517 925 3574 Lite.
941 3518 1058 3573 XXVIII
1078 3525 1147 3574 1905
1163 3538 1191 3590 p.
1205 3526 1248 3575 45.

291 3591 319 3659 3)
346 3588 376 3643 V.
395 3588 482 3642 etiam
499 3587 559 3643 Liv.
576 3587 694 3643 XXVIII
712 3592 799 3654 4e,4:
828 3591 980 3645 Pecunia
1003 3592 1041 3646 ad
1064 3591 1163 3645 bellura
1188 3593 1308 3647 deerat.

291 3663 319 3729 4)
342 3660 416 3714 Plut.
435 3659 504 3713 Feb.
523 3658 597 3716 Max.
616 3659 706 3714 XXV:
729 3659 866 3729 Χρήματα
885 3666 1011 3731 δοθῆναι
1028 3662 1100 3731 πρὸς
1116 3663 1167 3717 τὸν
1189 3660 1308 3733 πόλεμον

289 3732 344 3858 ozia
363 3730 447 3787 εἴασε.
455 3729 602 3856 λΧρήματα
626 3730 677 3800 μὲν
701 3726 752 3786 οὖν
771 3730 908 3803 Σκηπίων
931 3732 1021 3808 ἑαυτῷ
1039 3731 1164 3803 πορίζειν
1188 3735 1309 3805 ἀναγκα-

288 3807 405 3873 {nevos
422 3823 478 3858 κτ.
