3000 4475
241 432 283 497 78
548 432 646 487 LIBRI
664 431 713 486 DE
732 429 952 486 VIRTUTIBUS

311 574 457 629 Eiusmodi
480 575 658 630 enuntiatum
685 574 716 628 in
738 575 792 628 hoo
817 573 889 628 libro
912 572 1030 628 infuisse
1054 589 1122 627 vero
1149 572 1255 643 propius

240 662 458 787 {sesemmliprlzp
472 653 504 700 73
524 647 711 716 exposuimus.
749 645 941 715 Repetivimus
965 647 1060 698 autem
1086 644 1120 698 id
1140 662 1174 698 ex
1192 644 1255 698 libro
1293 688 1295 699 .

740 870 761 927 4

468 990 542 1052 0111
566 995 636 1052 sunt
664 1011 711 1052 res
739 993 894 1066 efficientes
922 991 1087 1051 laudabiles
1109 993 1255 1066 princepis

402 1087 429 1142 et
459 1100 520 1141 rem
544 1082 698 1154 publicam
726 1082 929 1155 paterooutes.
977 1080 1059 1154 Quae
1094 1098 1145 1140 res
1176 1082 1255 1154 quusi

401 1173 514 1230 seusina
541 1172 657 1229 uirtutis
679 1171 909 1244 proficiscuntur
939 1187 973 1229 eu
1002 1171 1102 1228 auimo
1130 1171 1207 1228 iuste
1234 1173 1256 1228 et

400 1276 473 1318 sono
506 1260 573 1317 11111
609 1276 644 1318 oo
680 1260 826 1332 1111911111
857 1260 1006 1332 principis
1042 1263 1069 1317 et
1105 1259 1256 1318 1111111111

402 1351 516 1407 uelatos
544 1350 659 1407 11111111.
708 1348 788 1407 Nam
819 1367 855 1406 ex
886 1347 963 1406 bono
995 1347 1096 1405 animo
1129 1347 1254 1423 proficis·

401 1440 509 1496 euntur
530 1437 625 1495 bonae
648 1437 822 1497 voluntates
843 1440 873 1496 et
895 1456 930 1495 ex
947 1435 1033 1495 bonis
1052 1436 1255 1496 voluntatibus

400 1528 564 1584 naseuntur
585 1525 679 1584 bonae
707 1527 853 1599 aetianae,
879 1531 1002 1602 propter
1029 1543 1103 1601 quas
1132 1544 1179 1585 res
1206 1545 1254 1602 pu-

400 1615 494 1673 blicas
517 1615 760 1674 administrantes
784 1634 802 1674 a
824 1615 939 1674 civibus
962 1617 1109 1672 amantur.

313 1728 383 1783 Octo
398 1730 475 1800 sunt]
485 1730 601 1784 Antonii
612 1731 647 1784 de
660 1730 690 1784 la
699 1730 764 1784 Sale
777 1731 863 1785 verba
876 1718 1009 1800 leguntur
1023 1737 1046 1795 2,
1058 1734 1074 1782 6
1090 1729 1254 1801 (1138).-

241 1800 318 1864 Quae
337 1818 381 1855 res
401 1803 482 1870 quasi
501 1802 608 1855 semina
640 1807 692 1868 ‘49
708 1805 762 1872 (15,
777 1801 841 1872 58).
863 1833 893 1844 -
915 1801 988 1855 Nam
1008 1819 1040 1855 ex
1058 1801 1134 1856 bono
1154 1801 1256 1871 animo]

241 1878 267 1940 2,
277 1878 312 1926 20
326 1876 379 1940 (15,
392 1880 424 1925 15
436 1872 471 1940 S).
487 1905 522 1913 -
542 1872 608 1927 sim·
633 1873 706 1926 imus
725 1875 769 1928 est
787 1873 864 1927 loeus
884 1873 964 1927 Tuae.
980 1872 1052 1941 disp.
1067 1871 1104 1925 IV
1117 1877 1161 1940 34,
1181 1874 1255 1927 cuius

241 1943 382 1997 nonnullis
405 1943 520 1998 vocibus
543 1944 588 1998 usi
611 1962 715 1998 sumus.
757 1944 803 1997 Ad
827 1944 939 2014 singnis
962 1944 1078 1998 adnoto:
1108 1943 1180 1998 Ooto
1203 1962 1245 1999 res

240 2015 372 2069 fortasse:
393 2014 561 2083 voluntates,
580 2016 745 2082 sententiae,
765 2016 902 2083 actiones3
922 2015 1002 2070 Tusa.
1018 2015 1035 2068 l.
1047 2014 1065 2068 l.
1085 2046 1120 2056 -
1141 2016 1246 2070 semina

241 2086 277 2139 de
294 2086 341 2140 fin.
358 2086 380 2139 V
395 2092 429 2140 43
447 2089 706 2154 semimutilatam,
724 2105 833 2158 perlusa
846 2089 972 2153 uirtutis;
991 2085 1160 2140 Bonhoeffer
1173 2088 1257 2142 Eua

241 2158 288 2212 des
305 2158 424 2213 Stoileers
442 2160 554 2228 Epictet
571 2177 598 2228 p.
611 2163 661 2212 133
682 2159 745 2213 adn.
756 2166 781 2213 4.
802 2190 835 2199 —
856 2157 933 2223 Quae
955 2157 1088 2228 leguntur
1107 2162 1137 2224 2,
1155 2163 1255 2213 14-11

242 2232 295 2298 (11,
310 2234 398 2284 1-14
408 2228 437 2299 s)
451 2229 576 2300 itemque
596 2235 620 2297 a,
631 2235 664 2283 aa
675 2262 709 2271 -
719 2236 744 2299 4,
757 2235 789 2285 13
805 2233 970 2301 usis-eo
981 2229 1018 2312 s),
1031 2229 1151 2284 Antonii
1165 2230 1258 2300 potius

242 2304 315 2369 sunt,
335 2303 383 2369 qui
403 2300 543 2356 Ciceronis
563 2301 717 2356 sententias
736 2301 865 2371 pluribus
883 2300 974 2355 verbis
993 2319 1054 2369 1pse
1073 2300 1206 2369 explieat.

742 2507 760 2565 5

468 2630 507 2688 Α.
537 2630 618 2700 Quae
641 2634 742 2689 autem
769 2633 839 2690 sunt
867 2630 1011 2703 actiones,
1040 2629 1151 2704 quibus
1179 2632 1258 2708 prin-

402 2721 482 2795 cipes
505 2722 535 2777 et
557 2721 750 2796 magistratus
774 2719 926 2779 voluntati
948 2720 1058 2778 eivium
1085 2721 1260 2780 satisfacere

402 2811 535 2883 possunt,
567 2811 602 2866 ut
633 2812 776 2885 perpetuo
808 2810 841 2866 in
873 2827 977 2867 eorum
1009 2826 1109 2867 amore
1144 2829 1259 2885 perma-

402 2894 514 2955 neant?
955 2898 965 2921 ⁸

469 2986 514 3044 M.
549 2983 675 3061 Oportet
707 2989 737 3044 et
769 2986 853 3045 decet
883 3004 930 3045 res
962 2984 1098 3062 publioas
1131 2987 1259 3046 admini-

403 3076 531 3134 strantes
554 3075 628 3133 bene
646 3075 811 3153 gubernare
830 3077 993 3149 civitatem,
1015 3093 1126 3153 magna
1147 3077 1260 3136 1111111

403 3165 433 3222 11
454 3163 512 3223 fide
536 3183 611 3238 esse,
635 3164 759 3241 diligere
781 3164 907 3224 virtutes
931 3167 961 3222 et
985 3181 1047 3238 eos,
1070 3166 1124 3239 qui
1147 3167 1259 3225 virtute

402 3254 531 3329 praediti
559 3256 641 3327 sunt,
670 3253 772 3330 fugere
804 3254 881 3312 vitia
912 3256 943 3312 et
974 3251 1155 3313 adulatores.
1203 3254 1260 3313 Sed

402 3342 524 3417 pluiimi
556 3361 634 3401 nuno
664 3341 711 3400 his
748 3340 785 3399 de
816 3342 903 3401 rebus
941 3342 1027 3417 quasi
1064 3343 1144 3402 oaeoi
1182 3347 1260 3417 sunt,

405 3450 496 3507 quare
519 3430 698 3509 dignitatem
719 3432 849 3507 perdunt
872 3434 903 3490 et
921 3430 1123 3509 cognitionem
1145 3434 1201 3510 sui,
1224 3436 1261 3492 ut

402 3539 462 3579 non
485 3522 545 3581 iam
569 3522 672 3595 sciant,
697 3539 772 3595 quae
792 3520 849 3579 sibi
867 3521 1004 3579 facienda
1023 3522 1151 3596 atquae
1171 3523 1258 3581 omit-

403 3608 492 3668 tenda
515 3611 583 3668 sint.

313 3724 843 3795 11111111.4,14-25(11,31-16,78).
863 3758 896 3767 -
916 3725 1053 3795 actiones]
1076 3743 1101 3779 v.
1121 3744 1195 3795 quae
1214 3746 1257 3781 ex·

241 3796 417 3865 posuerimus
440 3797 470 3850 in
496 3797 679 3852 adnotatione
705 3799 742 3850 ud
767 3798 837 3852 fni
862 3797 969 3852 addita.
997 3829 1032 3837 -
1061 3796 1115 3852 Sed
1143 3798 1258 3868 plurimi
