3000 4475
594 422 650 475 LA
668 420 834 476 SALADE
1185 421 1224 485 ll
1275 463 1277 466 ·

298 563 480 631 Secundum
495 569 593 649 caput
606 569 723 631 tractat
742 567 918 632 secundum
937 568 1067 632 seminis
1082 587 1228 652 granu-m,
1246 578 1248 583 ’

203 662 295 748 quod
317 663 463 748 loquitur
485 663 524 729 de
544 664 742 729 suavissimis
763 669 795 729 et
816 664 1009 729 dulcissimis
1028 664 1123 729 boni-s
1145 686 1228 749 quae

202 758 342 825 veniunt
373 783 412 826 ex
442 783 539 851 pace3
576 761 614 826 de
652 762 887 847 gloriosissima
919 761 976 826 illa
1011 762 1228 847 prosperitate

203 860 296 942 pacis
324 881 406 942 qnae
434 863 484 923 est
512 864 545 925 et
572 860 791 944 proficiscitur
819 882 858 925 ex
885 883 1011 926 summa
1039 861 1144 946 gratia
1168 861 1227 926 dei.

204 955 309 1033 Quam
326 978 399 1022 cum
419 958 700 1042 peccatisnostris
719 957 964 1042 displicentibus
984 959 1227 1044 perdiderimus,

201 1055 346 1139 primum
361 1077 428 1143 ,nos
451 1077 614 1121 recurrere
637 1056 791 1121 debemus
814 1055 964 1133 adhunc
987 1079 1148 1121 summum
1173 1057 1228 1122 do-

202 1153 330 1217 minum
355 1158 387 1218 et
410 1175 521 1219 omnes
545 1153 604 1238 illi,
628 1155 745 1238 quibus
770 1153 900 1219 euobis
924 1155 1018 1218 deum
1042 1176 1112 1219 eam
1136 1156 1227 1220 rest‘·

201 1255 296 1315 tuere
320 1272 402 1335 opus
425 1253 499 1336 erit,
528 1274 609 1336 quac
634 1275 657 1317 a
684 1252 775 1317 nullo
803 1252 1009 1339 cognoscitur
1035 1253 1227 1337 priusquam

199 1349 331 1433 perdita
358 1353 420 1434 est,
450 1353 616 1434 tamquam
644 1351 767 1415 amicus
795 1350 899 1415 bonus
925 1373 991 1415 non
1019 1351 1227 1436 cognoscitur

200 1447 267 1511 nisi
290 1466 364 1511 cum
388 1451 535 1513 mortuus
557 1447 610 1512 vel
632 1448 777 1531 perditus
806 1449 861 1531 sit,
889 1453 921 1513 et
950 1452 1115 1533 tamquam
1143 1450 1225 1513 sani·

201 1549 305 1609 tatem
328 1567 424 1610 nemo
448 1549 497 1610 est
520 1545 577 1630 qui
600 1550 775 1632 cognoscat
798 1547 862 1611 nisi
885 1551 1049 1633 aegrotus:
1077 1548 1132 1611 sed
1155 1551 1224 1612 tum

200 1643 313 1708 omnia
335 1642 388 1708 vel
410 1648 536 1728 partem
560 1666 685 1728 eorum,
709 1653 795 1728 'quae
822 1644 980 1729 possidet,
1012 1645 1144 1710 daturus
1174 1646 1226 1728 sit,

201 1743 240 1804 ut
264 1745 404 1807 sanetur.
440 1739 532 1808 Idem
550 1743 667 1807 acc'ulit
690 1743 725 1807 in
747 1764 835 1827 pace,
859 1742 961 1808 donec
980 1742 1145 1826 deperdita
1164 1747 1226 1808 est:

199 1843 273 1903 tum
297 1839 418 1924 evenit,
444 1843 482 1904 ut
508 1840 766 1928 pervigilandum
796 1842 839 1905 sit
867 1840 935 1906 dies
963 1845 1139 1925 noctesque
1168 1863 1225 1925 per

200 1937 316 2002 urbem
349 1942 381 2002 et
413 1938 448 2002 in
483 1938 680 2025 moenibusp
705 1943 866 2004 mercatus
902 1939 974 2003 fieri
1011 1961 1076 2004 non
1108 1943 1225 2024 potest,

199 2057 305 2100 nemo.
335 2035 430 2121 domo
469 2037 555 2101 exire
592 2037 689 2101 audet
724 2037 788 2101 nisi
822 2059 941 2123 magno
974 2037 1132 2122 periculo,
1169 2038 1226 2102 sed

201 2155 316 2198 omnes
343 2134 378 2197 in
405 2135 543 2200 statione
571 2156 639 2200 esse
671 2156 801 2200 necesse
834 2140 883 2201 est
910 2136 945 2200 in
972 2135 1092 2222 frigore
1120 2135 1225 2205 calore

201 2230 301 2296 imbri
323 2235 421 2297 vento
445 2238 477 2298 et
505 2255 601 2317 saepe
627 2255 746 2319 magna
773 2234 872 2318 fame,
901 2256 1018 2320 magna
1047 2234 1101 2299 siti
1131 2234 1224 2300 valde

200 2329 351 2395 laborare
378 2334 411 2395 et
437 2332 590 2418 gravibus
617 2333 770 2415 miseriis,
797 2332 850 2397 vel
878 2332 990 2416 etiam,
1018 2333 1104 2416 quod
1132 2333 1224 2417 peius

200 2432 265 2511 est,
297 2429 382 2493 mori
414 2429 486 2514 capi
518 2434 575 2494 aut
605 2452 664 2514 per
694 2434 799 2495 totam
826 2431 929 2495 vitam
960 2430 1115 2495 infamem
1147 2454 1223 2497 esse.

199 2525 340 2610 Propter
361 2526 452 2591 illam
475 2526 577 2613 igitur
595 2527 831 2593 sanctissimam
854 2529 1103 2613 prosperitatem
1125 2530 1224 2614 pacis,

200 2624 289 2707 quod
308 2628 358 2689 est
375 2623 485 2690 lumen
500 2625 560 2709 dei,
577 2625 624 2689 mi
638 2626 766 2691 domine
780 2626 1054 2710 reverendissime,
1075 2627 1223 2711 supplico

201 2744 300 2806 quam
323 2721 539 2789 humilissime
568 2745 702 2808 possum
731 2724 881 2790 omnibus
909 2724 1109 2809 principibus
1138 2725 1223 2789 aliis-

199 2841 265 2903 que
283 2820 373 2904 pacis
387 2820 608 2886 turbatoribus
622 2827 659 2887 ut
672 2843 785 2906 pacem
800 2822 1055 2887 commendatam
1073 2822 1224 2907 habeant,

199 2921 233 2981 et
257 2921 294 2983 ut
317 2939 376 2982 vos
400 2922 432 2983 et
456 2920 561 2984 omnis
584 2920 690 2984 bonus
711 2920 861 3005 princeps
881 2941 952 2984 eam
971 2921 1223 3005 consequamini,

200 3016 364 3100 siquidem
386 3039 444 3101 per
466 3039 525 3082 vos
549 3018 619 3082 iure
641 3018 825 3103 recuperari
847 3022 964 3103 potest,
987 3022 1101 3103 utpote
1125 3041 1222 3103 quam

200 3135 314 3178 omnes
338 3113 416 3179 boni
438 3115 617 3199 plurimum
640 3116 781 3201 cupiant.

223 3226 226 3237 ·
290 3209 345 3296 At,
368 3212 414 3277 mi
437 3213 567 3278 domine
590 3214 864 3299 reverendissime,
888 3213 973 3279 dicat
997 3214 1079 3299 quis,
1102 3236 1221 3299 magno

199 3331 302 3395 regno
324 3330 437 3394 pacem
465 3311 627 3395 requirere
651 3333 732 3397 opus
761 3334 827 3376 non
855 3333 925 3376 esse
953 3316 985 3376 et
1013 3313 1108 3377 deum
1136 3312 1221 3377 debi-

199 3406 343 3473 lissimos
367 3409 527 3495 adiuvare,
550 3409 747 3475 fortissimos
767 3413 875 3475 autem
895 3432 1020 3494 semper
1039 3409 1220 3495 superiores

200 3505 371 3571 discedere,
416 3505 503 3573 Huic
525 3507 740 3573 humilissime
764 3509 957 3593 respondeo,
980 3530 1021 3573 ne
1043 3529 1101 3592 per
1125 3508 1220 3573 deum

198 3625 258 3668 vos
274 3625 355 3669 neve
374 3604 457 3669 alius
477 3606 650 3691 quisquam
670 3606 861 3671 existimetis
880 3627 960 3671 neve
978 3606 1100 3691 putetis
1119 3605 1219 3670 ullam

199 3722 268 3766 rem
291 3701 370 3767 belli
392 3704 594 3788 temporibus
617 3707 723 3768 tutam
746 3725 829 3788 esse,
853 3704 1000 3789 quamvis
1023 3726 1142 3791 magna
1165 3725 1220 3788 po-

199 3801 335 3884 tensque
358 3800 409 3865 sit.
454 3800 540 3866 Nam
562 3802 767 3889 temporibus
792 3801 996 3868 cenitana
1016 3802 1176 3865 eveniunt
1194 3806 1234 3860 stu
