3000 4475
597 455 653 509 LA
672 455 838 510 SALADE
1183 455 1224 519 37

203 600 310 686 igitur
339 623 446 665 rerum
476 600 581 665 bonus
610 600 760 685 princeps
790 601 948 665 rationem
977 601 1096 667 habere
1127 601 1231 686 debet,

204 699 370 782 imprimis
394 701 422 763 si
445 699 475 764 ei
499 699 585 764 cives
607 699 781 783 prudentes
810 702 841 763 et
868 698 959 763 nullo
988 700 1148 765 maleficio
1177 700 1232 764 ob-

204 796 300 861 noxii
323 801 413 880 sunt,
442 819 516 862 nam
541 817 578 861 eo
602 797 698 861 modo
721 820 833 861 11111111
862 820 895 861 11
922 797 1100 882 principem
1128 800 1231 863 nomi-

205 916 287 960 nare
308 895 430 980 poterit
448 900 480 960 et
503 916 650 959 securum
670 917 689 958 a
708 896 784 959 suis.
821 895 990 959 Praeterea
1009 899 1117 962 autem
1136 896 1231 960 bonis

204 992 409 1078 principibus
442 993 483 1057 ad
514 992 732 1058 conciliandos
766 993 883 1057 civium
917 994 1041 1058 animos
1070 1015 1151 1078 opus
1182 999 1232 1059 est

203 1113 375 1156 secernere
398 1090 501 1156 bonos
525 1092 669 1156 11111111.
716 1090 761 1154 Et
788 1093 858 1155 tum
885 1089 962 1154 mali
991 1092 1069 1155 fient
1097 1091 1174 1156 boni
1199 1097 1232 1155 11

201 1190 285 1254 boni
309 1188 461 1254 meliores
485 1194 587 1254 erunt.
625 1188 720 1265 Quod
738 1189 804 1252 11111
824 1178 885 1254 1111
903 1188 1051 1253 cumulus
1069 1189 1230 1254 honorum

201 1289 328 1354 amoris
343 1287 533 1352 securitatis,
569 1284 677 1350 Aliter
692 1288 896 1371 experientur
915 1309 1091 1371 numquam
1110 1287 1231 1350 animal

201 1386 305 1452 nimis
328 1390 482 1450 onustum
505 1383 628 1449 laetum
652 1385 736 1448 diem
760 1386 931 1470 peregisse.

298 1483 344 1547 Et
366 1482 421 1548 hio
444 1483 541 1546 finem
565 1483 693 1566 capient
716 1488 789 1548 octo
814 1505 886 1548 mea
908 1505 1008 1568 grana
1031 1483 1176 1567 seminis,
1199 1488 1231 1548 et

207 1603 272 1667 ego
294 1601 408 1664 precor
430 1580 736 1645 excellentissimum
756 1585 789 1646 et
808 1604 968 1646 summum
993 1581 1096 1664 deum,
1119 1586 1156 1646 ut
1173 1603 1232 1645 vos

210 1683 245 1744 et
278 1699 387 1743 omnes
420 1678 501 1743 alios
533 1679 695 1762 principes
728 1683 762 1743 et
794 1678 954 1763 dominos,
992 1681 1047 1763 qni
1085 1680 1231 1746 civitates

209 1777 409 1864 gubernatis,
431 1777 578 1860 adducat,
601 1780 638 1840 nt
661 1777 746 1841 iuste
770 1776 884 1842 colatis
909 1783 982 1841 0010
1010 1777 1069 1841 has
1093 1779 1231 1842 virtutes

207 1897 309 1960 supra
340 1875 531 1958 descriptas,
565 1896 629 1958 quo
658 1897 676 1937 a
704 1874 829 1939 civibus
861 1876 976 1939 vestris
1008 1874 1101 1939 valde
1133 1875 1231 1939 amati

206 1996 279 2039 esse
309 1972 451 2058 possitis,
498 1972 584 2050 Quas
616 1995 667 2038 res
701 1975 765 2037 iam
797 1973 908 2057 paucis
940 1973 1047 2037 verbis
1079 1978 1231 2058 repetam.

205 2073 319 2138 Prima
346 2071 447 2156 igitur
473 2093 525 2135 res
549 2076 610 2155 111,
639 2076 675 2135 ut
703 2072 840 2135 firmiter
868 2071 1042 2136 exerceatis
1070 2071 1231 2135 iustitiam

205 2169 431 2234 misericordia
453 2173 673 2254 temperatam.
721 2167 868 2233 Secunda
891 2172 949 2253 est,
972 2173 1008 2233 ut
1031 2173 1100 2233 1010
1124 2170 1230 2234 animo

207 2273 242 2334 11
265 2268 438 2354 diligenter
460 2290 571 2352 pacem
595 2269 732 2352 cupiatis
751 2272 785 2331 et
807 2272 844 2332 ut
867 2269 934 2332 eius
957 2267 1064 2332 locum
1083 2272 1116 2332 et
1133 2267 1232 2332 facul-

206 2371 311 2431 tatem
342 2388 402 2450 pro
435 2371 543 2431 vestra
574 2372 667 2450 parte
699 2365 791 2430 detis.
841 2366 951 2430 Tertia
983 2370 1045 2449 est,
1077 2370 1113 2430 ut
1146 2367 1232 2431 cives

207 2467 336 2529 vestros
365 2485 538 2547 omnesque
566 2462 713 2528 homines
742 2463 853 2527 audire
881 2463 1035 2547 debeatis,
1063 2463 1103 2528 iis
1131 2465 1232 2529 amice

209 2568 244 2627 et
270 2563 411 2649 benigne
438 2562 673 2645 respondeatis,
700 2561 790 2626 nullo
820 2564 924 2645 spatio
951 2562 1135 2627 intermisso
1163 2562 1233 2625 ubi·

212 2682 348 2746 cumque
370 2661 521 2745 poteritis
544 2681 582 2723 ea
600 2658 729 2742 quidem
749 2680 831 2742 quae
849 2659 933 2723 iuste
951 2659 1126 2743 petiverint
1145 2660 1233 2723 omni

210 2759 306 2825 modo
334 2758 515 2843 praebeatis
543 2761 575 2821 et
604 2756 831 2838 exsequamini.
878 2754 1000 2832 Quarta
1026 2778 1077 2820 res
1105 2759 1168 2840 est,
1195 2761 1232 2821 ut

209 2857 432 2942 prospiciatis,
458 2859 496 2920 nt
522 2854 726 2919 1111111111
749 2857 822 2917 tuto
850 2876 909 2937 per
931 2876 1065 2939 regnum
1088 2858 1230 2919 vestrum

209 2959 243 3019 et
266 2955 518 3019 dominationem
542 2954 759 3017 traducantur.
806 2950 927 3027 Quinta
948 2955 1011 3036 est,
1034 2955 1071 3015 ut
1094 2953 1232 3016 caveatis

209 3058 243 3118 et
270 3052 364 3117 vobis
394 3052 594 3136 temperetis,
625 3073 666 3114 ne
699 3050 822 3114 tributa
854 3045 1025 3135 vectigalia
1055 3071 1136 3113 11111
1168 3048 1232 3113 1111

209 3151 374 3236 stipendia
395 3149 518 3234 populo
542 3148 725 3233 imponatis,
749 3148 813 3213 nisi
831 3170 949 3233 magna
967 3148 1158 3212 necessitate
1182 3170 1232 3213 co-

209 3250 288 3332 acti,
317 3270 412 3332 quam
436 3252 530 3312 antea
557 3248 597 3311 iis
625 3247 766 3311 indicare
794 3246 925 3311 debetis.
972 3244 1069 3310 Sexta
1096 3267 1147 3309 res
1175 3250 1233 3328 est,

209 3351 249 3411 111
271 3346 481 3431 provideatis,
505 3349 542 3409 ut
566 3368 676 3410 omnes
700 3345 847 3411 civitates
870 3344 1035 3408 abundent
1058 3342 1146 3408 omni
1167 3344 1233 3407 fru-

210 3449 321 3511 mento
350 3449 382 3509 et
410 3444 482 3508 aliis
511 3443 606 3509 rebus
638 3443 817 3507 conditioni
846 3441 1005 3507 humanae
1034 3442 1232 3507 necessariis

213 3542 359 3627 Septima
386 3547 448 3628 est,
475 3547 513 3607 ut
540 3543 624 3607 inste
653 3541 762 3606 sciatis
791 3541 955 3606 continere
984 3545 1016 3604 et
1045 3560 1232 3603 conservare
