3000 4475
290 420 333 484 66
570 465 572 468 .
600 420 635 474 11.
655 419 994 475 conunurlrrouus

291 591 359 630 eum
377 588 478 630 versus
498 571 679 630 Horatianos
698 574 817 632 nomine
832 568 932 632 Oroaii
951 565 1056 654 (Orose
1070 571 1311 648 Scederhjelmus

290 652 474 739 1.1.p.82)
504 661 621 735 afferre,
650 664 680 719 et
706 661 802 720 multo
830 661 926 737 pluris
953 662 1046 720 refert
1073 681 1181 721 nomen
1214 663 1311 722 Tulli

289 750 399 808 iterum
427 749 465 807 ab
492 749 625 808 Antonio
652 749 778 808 laudari.
824 750 903 809 Nam
930 752 956 809 is
983 753 1059 809 teste
1088 749 1309 828 Soederhjelmo

290 839 309 898 l.
333 839 352 899 1.
376 859 404 914 p.
431 840 471 897 78
500 839 532 895 in
559 840 647 897 initio
675 841 772 914 operis
801 841 849 898 sui
877 840 955 915 quod
981 840 1134 915 inscripsit
1157 841 1211 900 La
1233 841 1308 900 Solle

290 927 449 986 historiam
468 927 628 1003 quandam,
648 947 723 1003 quae
743 928 779 986 de
799 928 890 986 Zeuxi
907 930 1021 1004 pictore
1038 929 1188 1004 tradatur,
1213 930 1308 988 afferri

291 1016 365 1076 dicit
388 1037 406 1076 a
429 1017 532 1090 Tull03
560 1035 648 1092 quem
674 1017 779 1076 laudat
801 1018 848 1076 his
871 1017 981 1076 verbis:
1013 1018 1134 1078 I'ullcs
1156 1019 1236 1077 daras
1259 1037 1308 1077 soc

291 1108 363 1165 licre
385 1106 447 1166 Dcs
469 1107 567 1165 stelles
589 1106 806 1179 lictoriqucs.
853 1106 894 1164 Et
920 1107 990 1167 talis
1013 1106 1140 1166 historia
1167 1111 1308 1166 narratur

292 1215 309 1254 a
334 1194 504 1254 Cicerone
532 1195 572 1253 de
600 1194 668 1253 inv.
687 1194 718 1253 H
739 1199 771 1269 1,
793 1198 820 1253 1.
865 1193 991 1254 Librum
1018 1199 1132 1270 autem,
1160 1215 1251 1271 quem
1274 1196 1306 1254 de
1350 1180 1352 1205 ⁵

290 1285 461 1344 inventione
490 1283 650 1342 inscribere
680 1284 894 1358 consuevimus,
921 1286 954 1342 in
981 1284 1131 1345 codicibus
1158 1286 1306 1345 veteribus

291 1392 378 1450 saepe
401 1373 562 1444 Rhetorica
586 1373 732 1448 appellari
755 1391 808 1431 nos
832 1373 939 1431 docent
961 1373 1019 1432 vin'
1043 1373 1122 1432 docti
1142 1373 1257 1433 Teuffel
1278 1377 1308 1433 et

292 1461 434 1521 Schwabe
457 1462 488 1519 in
511 1461 589 1520 libro
613 1463 665 1536 qui
686 1461 848 1537 inscriptus
872 1465 917 1521 est
941 1462 1104 1522 Cescbicbte
1127 1463 1180 1522 der
1207 1466 1305 1522 roemi-

291 1553 377 1611 scbec
395 1550 577 1610 LiterctorI
595 1547 615 1624 ξ
631 1553 693 1609 177
715 1552 775 1610 a3.
822 1550 880 1610 Hic
902 1551 1009 1628 igitur,
1036 1551 1089 1609 ubi
1115 1551 1193 1610 liber
1222 1571 1305 1628 quem

294 1643 422 1716 scriptor
443 1640 686 1717 Francogallicus
715 1643 832 1715 spectat
854 1642 964 1714 exstat,
991 1640 1156 1699 Antonium
1188 1660 1305 1720 gravem

292 1732 444 1789 auctorem
467 1747 528 1788 esse
553 1729 764 1805 cognoscimus.
810 1728 894 1787 Nihil
918 1747 987 1806 ergo
1012 1733 1065 1802 est,
1088 1747 1140 1788 cur
1162 1749 1225 1789 non
1248 1731 1304 1789 An-

291 1820 409 1878 tonium
431 1835 548 1876 mecum
571 1835 690 1877 censeas
714 1820 889 1893 scriptorem
912 1835 975 1877 esse
1000 1818 1137 1894 (lignum,
1165 1821 1217 1878 cui
1236 1819 1306 1878 fides

291 1925 454 1984 permagna
475 1907 629 1965 habeatur·

381 1996 483 2054 Etiam
498 1994 570 2071 quid
583 2014 691 2055 nomen
704 1994 781 2055 illud
796 1988 937 2054 Tullcs²
956 2015 1015 2070 quo
1030 2013 1146 2071 semper
1159 1996 1306 2056 Antonius

291 2086 388 2144 utItur
419 2085 520 2143 valeat
551 2103 630 2143 nunc
661 2085 803 2144 certiores
833 2084 908 2142 facti
939 2103 1048 2143 sumus
1094 2084 1175 2142 Nam
1204 2087 1231 2145 si
1256 2086 1306 2144 illo

293 2193 381 2250 quem
398 2172 486 2232 modo
507 2175 598 2232 attuli
615 2174 680 2233 loco
698 2173 831 2231 Tullium
846 2171 1017 2233 Ciceronem
1034 2172 1194 2253 significat,
1219 2177 1305 2234 etiam

294 2265 366 2339 quin
388 2266 421 2322 in
443 2264 520 2323 libro
544 2284 633 2339 quem
655 2265 808 2339 inscripsit
826 2263 876 2322 La
893 2263 1003 2324 Scladc
1019 2263 1169 2323 Antonius
1195 2283 1307 2341 semper

293 2356 412 2413 nomine
437 2354 537 2411 Tulles
563 2354 611 2411 uel
636 2353 735 2412 Tollere
764 2350 935 2411 Ciceronem
957 2352 1148 2425 indicaverit,
1181 2373 1242 2413 non
1266 2356 1306 2413 est

294 2442 373 2518 quod
392 2442 570 2501 dubitemus,
617 2441 714 2511 Quare
734 2460 917 2516 quamquam
935 2443 1098 2517 quaerenti,
1120 2442 1215 2502 aliine
1229 2443 1307 2501 Tulli

293 2534 452 2607 scriptores
480 2531 607 2589 Romani
636 2531 762 2604 fuerint,
793 2531 893 2606 plures
924 2548 954 2588 se
982 2530 1084 2589 obvios
1113 2530 1188 2590 (lant
1221 2532 1306 2606 Tulli

291 2625 393 2679 tamen
417 2619 452 2678 de
476 2620 558 2678 nullo
582 2620 641 2677 alio
660 2638 781 2695 prorsus
801 2618 991 2697 cogitandum
1012 2637 1073 2678 esse
1094 2638 1163 2679 cum
1179 2620 1307 2681 Ricardo

292 2701 461 2768 Wuensch²
497 2727 599 2767 censeo
636 2710 695 2768 nisi
731 2706 767 2767 de
803 2708 842 2766 M.
875 2708 974 2767 Tullio
1010 2707 1158 2767 Cicerone.
1217 2710 1307 2780 Quem

292 2799 402 2858 librum
431 2798 466 2856 de
493 2798 657 2857 virtutibus
685 2799 885 2873 composuisse
913 2817 948 2855 ex
976 2795 1104 2855 Charisii
1131 2797 1309 2875 Hieronymi

292 2887 457 2965 Augustini
480 2878 679 2946 testimoniis³
702 2888 818 2945 scimus.

443 3092 479 3180 C)
504 3098 585 3167 Quae
609 3104 713 3159 contra
737 3100 797 3158 dici
819 3102 952 3175 possunt,
975 3099 1160 3158 refelluntur.

382 3225 424 3282 At
460 3227 560 3283 sumat
597 3226 759 3300 quispiam:
797 3224 864 3283 Etsi
895 3224 1060 3282 Antonium
1096 3225 1198 3299 ipsum
1235 3224 1308 3283 nihil

292 3313 411 3373 finxisse
434 3313 574 3386 concedo,
605 3316 708 3371 tamen
734 3313 798 3389 ipse
821 3330 919 3371 nonne
940 3314 1041 3388 potuit
1068 3310 1187 3388 decipi?
1235 3313 1308 3372 Sunt

294 3405 431 3479 excerpta
459 3405 489 3461 et
516 3403 678 3478 compilata
705 3421 740 3460 er
765 3400 914 3460 Ciceronis
937 3404 1068 3477 scriptis,
1097 3420 1175 3476 quae
1199 3403 1308 3478 aliquis

295 3494 471 3568 composuit,
491 3494 662 3568 compositis
676 3492 762 3552 illum
777 3490 901 3549 titulum
915 3491 990 3550 false
1006 3490 1135 3565 addidit3
1155 3510 1214 3567 quo
1234 3491 1308 3549 libro

386 3662 411 3730 1)
421 3660 463 3719 ,V.
479 3661 566 3714 etiam
584 3676 657 3728 quae
676 3660 754 3713 dicat
773 3658 997 3729 Soederhjelmus
1016 3660 1102 3714 Notas
1120 3677 1148 3728 p.
1160 3665 1194 3713 62
1209 3659 1306 3715 adnl.

295 3734 322 3874 ἓξ
340 3734 474 3873 ἶΖῙείξὶσΙζιῐνὃ
490 3733 520 3872 ζ]
532 3733 622 3857 {zona
643 3732 761 3800 Spracbc
784 3749 811 3785 u.
833 3732 978 3787 Literctcr
1000 3729 1115 3784 XXVIII
1136 3736 1205 3785 1905
1223 3749 1251 3800 p.
1265 3736 1306 3783 45.
