3000 4475
643 419 698 473 LA
717 417 886 474 SALADE
1228 417 1271 482 33

241 562 407 649 Regulus,
435 562 533 627 etiam
557 562 677 628 Lucius
696 562 858 648 Valerius,
887 562 1035 646 Quintus,
1060 561 1169 648 Scipio
1193 562 1271 629 Cor-

241 661 353 727 nelius
382 664 438 725 aut
467 660 588 725 Brutus
617 661 737 745 aliique
765 662 860 726 multi
888 683 986 725 manu
1013 665 1081 726 tam
1109 662 1210 726 fortes
1239 667 1272 726 et

242 757 410 825 commodi
432 759 480 823 rei
498 759 647 843 publicae
666 763 733 823 tam
758 764 910 842 amantes,
933 763 970 823 ut
990 761 1122 824 mallent
1141 759 1176 824 in
1194 782 1270 845 pau-

242 861 371 944 pertate
397 857 506 922 vivere
534 860 567 920 et
593 857 678 921 mori
706 878 803 940 quam
833 858 1045 922 conscientias
1079 880 1152 921 suas
1180 858 1272 922 inho·

243 960 381 1021 nectare.
427 954 473 1019 Et
497 955 644 1039 profecto
669 955 730 1019 viri
758 958 849 1020 tanta
872 956 991 1019 virtute
1018 955 1156 1039 praediti
1184 978 1270 1020 nunc

239 1053 328 1118 nulli
345 1053 400 1118 vel
423 1054 578 1137 perpauci
603 1058 688 1136 sunt,
711 1076 810 1137 quare
830 1074 883 1117 eos
907 1053 963 1137 qui
982 1050 1033 1117 his
1052 1053 1141 1116 vitiis
1161 1053 1271 1118 obruti

236 1155 319 1216 sunt
348 1151 580 1216 difficillimum
609 1154 659 1215 est
689 1151 896 1236 compellare,
927 1149 990 1214 nisi
1020 1151 1103 1215 forte
1134 1173 1171 1214 ea
1201 1152 1271 1215 sola

236 1251 370 1315 ratione
390 1249 430 1314 de
445 1271 508 1333 qua
522 1247 660 1314 Tullus
679 1249 771 1313 dicit:
796 1245 887 1313 ‘mihi
903 1248 1032 1332 quidem
1048 1248 1168 1313 talibus
1183 1250 1270 1333 prin-

237 1347 374 1432 cipibus
394 1345 623 1412 difficillimum
639 1346 766 1411 videtur
784 1368 855 1411 eam
874 1345 1026 1410 adhibere
1045 1347 1136 1431 velle,
1154 1369 1269 1431 nempe

237 1467 361 1510 avaros
380 1466 449 1510 esse
468 1445 504 1509 in
517 1445 666 1529 expensis
689 1444 810 1509 insanis
830 1449 862 1509 ct
877 1443 1043 1509 dissolutis
1063 1448 1095 1509 et
1113 1444 1268 1530 prodigos

240 1545 282 1608 in
303 1543 401 1608 rebus
417 1544 605 1608 necessariis
624 1544 779 1626 et‘iustis,
802 1547 835 1607 et
854 1543 982 1607 studere
1001 1543 1096 1607 rebus
1115 1542 1269 1626 honestis,

244 1641 400 1706 omittere
421 1663 503 1705 vana
521 1644 554 1704 et
570 1642 699 1725 turpia?
737 1640 782 1705 Et
806 1641 835 1704 si
858 1641 904 1704 ita
926 1644 1024 1727 agent
1046 1641 1095 1705 illi
1119 1641 1269 1724 quisunt

244 1739 378 1823 specula
391 1741 545 1823 omnium,
564 1739 755 1824 praebentes
770 1737 903 1822 reliquis
919 1738 1069 1802 omnibus
1084 1741 1268 1823 exemplum

242 1837 334 1922 quod
364 1841 554 1921 sequantur,
588 1837 652 1902 sibi
682 1838 819 1921 quisque
848 1836 1042 1920 temperabit
1072 1841 1128 1901 aut
1160 1859 1269 1901 amore

238 1940 301 2000 aut
324 1938 416 2000 metu
440 1939 630 1999 commotus.
675 1934 721 1998 nt
749 1936 777 1998 si
806 1937 878 2019 quis
905 1935 1032 2022 legibus
1045 1936 1048 1941 ’
1061 1935 1177 2020 spretis
1206 1936 1268 1999 sibi

239 2056 312 2099 non
344 2031 552 2116 temperabit,
584 2033 614 2097 ei
645 2032 751 2096 bonus
784 2033 935 2118 princeps
968 2032 1068 2097 libere
1101 2032 1269 2097 ostendere

239 2132 341 2196 debet
378 2131 505 2195 nullum
536 2130 731 2196 maleficium
770 2131 833 2195 sibi
869 2132 1004 2215 placere.
1056 2128 1107 2194 lta
1139 2152 1172 2195 se
1204 2132 1268 2215 ipsi

240 2229 430 2313 servabunt,
454 2232 487 2293 ct
509 2221 715 2315 augebuntur
737 2229 859 2294 aeraria
882 2233 914 2295 et
933 2228 1104 2315 vectigalia
1127 2229 1268 2313 itemque

239 2329 401 2414 pecuniae
424 2348 535 2393 eorum
564 2349 644 2411 quos
672 2331 802 2412 regunt,
833 2348 897 2411 quo
925 2328 995 2410 fiet,
1022 2331 1060 2390 ut
1088 2327 1266 2392 dominatio

241 2427 367 2491 floreat.
404 2423 450 2490 At
472 2423 565 2489 aliter
587 2426 614 2489 si
637 2429 743 2511 agent,
767 2426 869 2489 sciant
889 2447 927 2489 ex
946 2425 1111 2490 voluntate
1136 2424 1267 2490 adversa

242 2524 395 2589 omnium
432 2524 585 2589 exsistere
621 2524 814 2607 periculum,
852 2525 940 2607 quod
976 2523 1064 2587 refici
1100 2544 1167 2587 non
1203 2525 1266 2588 iam

243 2625 363 2707 potest.
409 2621 455 2685 Et
477 2621 531 2685 hic
552 2622 650 2686 finem
674 2621 792 2687 faciam
816 2622 946 2705 septimi
973 2621 1036 2686 mei
1060 2622 1153 2707 grani
1176 2622 1268 2685 semi-

245 2719 308 2803 nis,
330 2723 368 2784 ut
385 2722 548 2784 transeam
571 2719 612 2783 ad
636 2724 796 2803 octavum,
819 2720 905 2803 quod
929 2724 977 2784 est
999 2719 1160 2783 ultimum,

338 2913 445 3001 Caput
463 2919 611 2980 octavum
635 2915 781 2999 loquitur
804 2917 842 2979 de
865 2920 978 2980 octavo
1002 2914 1133 2979 seminis
1152 2935 1266 3000 grano,

241 3013 335 3098 quod
366 3016 415 3078 est
443 3013 481 3077 de
511 3014 591 3078 iuris
619 3014 815 3079 dictionibus
846 3017 877 3078 et
908 3012 1113 3077 libertatibus
1145 3012 1266 3077 domini

241 3132 326 3197 erga
349 3112 435 3175 cives
458 3115 490 3176 et
514 3111 633 3176 civium
657 3133 733 3196 erga
757 3111 923 3176 dominum
947 3110 1179 3176 communibus.

337 3207 474 3273 Tullus
493 3210 527 3295 in
545 3210 650 3294 capite
668 3209 838 3274 undecimo
856 3209 932 3274 libri
951 3210 1001 3273 sui
1016 3231 1112 3293 quern
1127 3209 1267 3273 diximus

240 3307 328 3371 dicit
351 3327 461 3371 omnes
484 3308 647 3392 principes
666 3311 700 3371 et
718 3308 865 3373 dominos
883 3328 978 3392 posse
997 3311 1029 3371 et
1048 3306 1163 3371 debere
1182 3307 1266 3370 cives

241 3426 325 3471 suos
349 3404 489 3491 adigere,
512 3409 550 3469 ut
571 3405 606 3470 hi
630 3405 708 3490 ipsis
732 3427 772 3470 ex
794 3406 940 3491 impenso
965 3427 1024 3469 suo
1048 3408 1080 3469 et
1102 3405 1207 3469 reditu
1231 3426 1267 3469 ea

241 3500 403 3587 pendant,
431 3525 512 3587 quae
535 3503 604 3568 iure
626 3505 706 3567 iussi
735 3505 809 3569 sint.
856 3502 948 3568 Cives
976 3524 1051 3568 vero
1080 3508 1202 3585 monet,
1230 3508 1267 3567 ut

240 3599 373 3665 tributa
395 3601 545 3684 pendant.
591 3600 683 3678 Quod
709 3603 736 3665 si
759 3602 903 3686 fecerint,
926 3602 1076 3686 princeps
1099 3601 1194 3665 debet
1212 3622 1267 3665 eos

300 3910 383 3960 Suppl.
395 3910 495 3951 ciceron.
511 3910 545 3951 ed.
555 3912 757 3962 Knoellinger.
1090 3904 1105 3953 3
