<?xml version="1.0" encoding="UTF-8"?>
<!DOCTYPE html PUBLIC "-//W3C//DTD XHTML 1.0 Transitional//EN"
    "http://www.w3.org/TR/xhtml1/DTD/xhtml1-transitional.dtd">
<html xmlns="http://www.w3.org/1999/xhtml" xml:lang="en" lang="en">
 <head>
  <title>
</title>
<meta http-equiv="Content-Type" content="text/html;charset=utf-8" />
  <meta name='ocr-system' content='tesseract 3.04.00' />
  <meta name='ocr-capabilities' content='ocr_page ocr_carea ocr_par ocr_line ocrx_word'/>
</head>
<body>
  <div class='ocr_page' id='page_1' title='image "./devirtutibuslib00salegoog_0017.png"; bbox 0 0 3000 4475; ppageno 0'>
   <div class='ocr_carea' id='block_1_1' title="bbox 597 412 1228 475">
    <p class='ocr_par' dir='ltr' id='par_1_1' title="bbox 597 412 1228 475">
     <span class='ocr_line' id='line_1_1' title="bbox 597 412 1228 475; baseline 0.013 -8"><span class='ocrx_word' id='word_1_1' title='bbox 597 412 652 468; x_wconf 85' lang='lat' dir='ltr'><strong>LA</strong></span> <span class='ocrx_word' id='word_1_2' title='bbox 671 412 840 468; x_wconf 80' lang='lat' dir='ltr'><strong><em>SALADE</em></strong></span> <span class='ocrx_word' id='word_1_3' title='bbox 1210 412 1228 475; x_wconf 79' lang='grc'>7</span> 
     </span>
    </p>
   </div>
   <div class='ocr_carea' id='block_1_2' title="bbox 202 556 1287 3878">
    <p class='ocr_par' dir='ltr' id='par_1_2' title="bbox 202 556 1287 3878">
     <span class='ocr_line' id='line_1_2' title="bbox 208 556 1231 642; baseline 0 -21"><span class='ocrx_word' id='word_1_4' title='bbox 208 556 255 622; x_wconf 82' lang='lat' dir='ltr'><strong>Et</strong></span> <span class='ocrx_word' id='word_1_5' title='bbox 269 557 316 624; x_wconf 75' lang='lat' dir='ltr'><strong>,de</strong></span> <span class='ocrx_word' id='word_1_6' title='bbox 339 579 378 622; x_wconf 91' lang='lat' dir='ltr'><strong>eo</strong></span> <span class='ocrx_word' id='word_1_7' title='bbox 403 560 558 642; x_wconf 82' lang='lat' dir='ltr'><strong>scriptum</strong></span> <span class='ocrx_word' id='word_1_8' title='bbox 583 561 631 622; x_wconf 86' lang='lat' dir='ltr'><strong>est</strong></span> <span class='ocrx_word' id='word_1_9' title='bbox 654 558 689 622; x_wconf 91' lang='lat' dir='ltr'><strong>in</strong></span> <span class='ocrx_word' id='word_1_10' title='bbox 712 557 873 641; x_wconf 86' lang='lat' dir='ltr'><strong>Politicis‚</strong></span> <span class='ocrx_word' id='word_1_11' title='bbox 903 558 937 622; x_wconf 89' lang='lat' dir='ltr'><strong>in</strong></span> <span class='ocrx_word' id='word_1_12' title='bbox 963 557 1048 627; x_wconf 91' lang='lat' dir='ltr'><strong>libro</strong></span> <span class='ocrx_word' id='word_1_13' title='bbox 1076 558 1173 622; x_wconf 82' lang='lat' dir='ltr'><strong>tertio</strong></span> <span class='ocrx_word' id='word_1_14' title='bbox 1198 560 1231 621; x_wconf 86' lang='lat' dir='ltr'><strong>et</strong></span> 
     </span>
     <span class='ocr_line' id='line_1_3' title="bbox 209 654 1230 741; baseline -0.001 -21"><span class='ocrx_word' id='word_1_15' title='bbox 209 656 245 720; x_wconf 91' lang='lat' dir='ltr'><strong>in</strong></span> <span class='ocrx_word' id='word_1_16' title='bbox 269 654 299 719; x_wconf 88' lang='lat' dir='ltr'>X</span> <span class='ocrx_word' id='word_1_17' title='bbox 319 657 433 741; x_wconf 79' lang='lat' dir='ltr'><strong>capite,</strong></span> <span class='ocrx_word' id='word_1_18' title='bbox 456 656 655 720; x_wconf 75' lang='lat' dir='ltr'>adulatorem</span> <span class='ocrx_word' id='word_1_19' title='bbox 679 677 748 720; x_wconf 88' lang='lat' dir='ltr'><strong>esse</strong></span> <span class='ocrx_word' id='word_1_20' title='bbox 771 655 938 720; x_wconf 90' lang='lat' dir='ltr'><strong>inimicum</strong></span> <span class='ocrx_word' id='word_1_21' title='bbox 958 656 1062 720; x_wconf 88' lang='lat' dir='ltr'><strong>omnis</strong></span> <span class='ocrx_word' id='word_1_22' title='bbox 1084 656 1230 720; x_wconf 84' lang='lat' dir='ltr'><strong>veritatis</strong></span> 
     </span>
     <span class='ocr_line' id='line_1_4' title="bbox 209 753 1229 840; baseline -0.001 -22"><span class='ocrx_word' id='word_1_23' title='bbox 209 757 244 818; x_wconf 89' lang='lat' dir='ltr'><strong>et</strong></span> <span class='ocrx_word' id='word_1_24' title='bbox 267 754 400 840; x_wconf 80' lang='lat' dir='ltr'><strong>infigere</strong></span> <span class='ocrx_word' id='word_1_25' title='bbox 423 775 496 818; x_wconf 92' lang='lat' dir='ltr'><strong>eum</strong></span> <span class='ocrx_word' id='word_1_26' title='bbox 521 755 613 839; x_wconf 82' lang='lat' dir='ltr'><strong>quasi</strong></span> <span class='ocrx_word' id='word_1_27' title='bbox 637 753 765 820; x_wconf 88' lang='lat' dir='ltr'><strong>olavum</strong></span> <span class='ocrx_word' id='word_1_28' title='bbox 792 754 826 818; x_wconf 90' lang='lat' dir='ltr'><strong>in</strong></span> <span class='ocrx_word' id='word_1_29' title='bbox 850 753 999 817; x_wconf 84' lang='lat' dir='ltr'><strong>dextrum</strong></span> <span class='ocrx_word' id='word_1_30' title='bbox 1023 753 1152 819; x_wconf 89' lang='lat' dir='ltr'><strong>oculum</strong></span> <span class='ocrx_word' id='word_1_31' title='bbox 1177 753 1229 817; x_wconf 93' lang='lat' dir='ltr'><strong>do-</strong></span> 
     </span>
     <span class='ocr_line' id='line_1_5' title="bbox 209 850 1230 939; baseline 0.001 -24"><span class='ocrx_word' id='word_1_32' title='bbox 209 852 301 935; x_wconf 86' lang='lat' dir='ltr'><strong>mini,</strong></span> <span class='ocrx_word' id='word_1_33' title='bbox 324 851 352 916; x_wconf 92' lang='lat' dir='ltr'><strong>si</strong></span> <span class='ocrx_word' id='word_1_34' title='bbox 376 852 404 916; x_wconf 92' lang='lat' dir='ltr'><strong>is</strong></span> <span class='ocrx_word' id='word_1_35' title='bbox 428 874 502 916; x_wconf 89' lang='lat' dir='ltr'><strong>eum</strong></span> <span class='ocrx_word' id='word_1_36' title='bbox 525 852 625 917; x_wconf 92' lang='lat' dir='ltr'><strong>audit.</strong></span> <span class='ocrx_word' id='word_1_37' title='bbox 671 850 776 929; x_wconf 80' lang='lat' dir='ltr'>Quare</span> <span class='ocrx_word' id='word_1_38' title='bbox 799 873 873 917; x_wconf 95' lang='lat' dir='ltr'><strong>eum</strong></span> <span class='ocrx_word' id='word_1_39' title='bbox 901 851 1039 935; x_wconf 89' lang='lat' dir='ltr'><strong>quisque</strong></span> <span class='ocrx_word' id='word_1_40' title='bbox 1062 853 1173 939; x_wconf 80' lang='lat' dir='ltr'><strong>fugere</strong></span> <span class='ocrx_word' id='word_1_41' title='bbox 1197 856 1230 917; x_wconf 93' lang='lat' dir='ltr'><strong>et</strong></span> 
     </span>
     <span class='ocr_line' id='line_1_6' title="bbox 208 949 1229 1034; baseline 0.004 -23"><span class='ocrx_word' id='word_1_42' title='bbox 208 949 330 1014; x_wconf 86' lang='lat' dir='ltr'><strong>evitare</strong></span> <span class='ocrx_word' id='word_1_43' title='bbox 353 949 457 1033; x_wconf 85' lang='lat' dir='ltr'><strong>debet,</strong></span> <span class='ocrx_word' id='word_1_44' title='bbox 480 950 640 1034; x_wconf 82' lang='lat' dir='ltr'><strong>imprimis</strong></span> <span class='ocrx_word' id='word_1_45' title='bbox 664 951 825 1034; x_wconf 80' lang='lat' dir='ltr'><strong>principes</strong></span> <span class='ocrx_word' id='word_1_46' title='bbox 845 953 877 1014; x_wconf 92' lang='lat' dir='ltr'><strong>et</strong></span> <span class='ocrx_word' id='word_1_47' title='bbox 900 951 956 1014; x_wconf 86' lang='lat' dir='ltr'><strong>alii</strong></span> <span class='ocrx_word' id='word_1_48' title='bbox 975 949 1097 1014; x_wconf 91' lang='lat' dir='ltr'><strong>domini</strong></span> <span class='ocrx_word' id='word_1_49' title='bbox 1120 954 1153 1014; x_wconf 94' lang='lat' dir='ltr'><strong>et</strong></span> <span class='ocrx_word' id='word_1_50' title='bbox 1175 949 1229 1015; x_wconf 87' lang='lat' dir='ltr'><strong>do-</strong></span> 
     </span>
     <span class='ocr_line' id='line_1_7' title="bbox 207 1046 1234 1135; baseline 0.006 -25"><span class='ocrx_word' id='word_1_51' title='bbox 207 1046 329 1131; x_wconf 83' lang='lat' dir='ltr'><strong>minae,</strong></span> <span class='ocrx_word' id='word_1_52' title='bbox 359 1049 416 1132; x_wconf 88' lang='lat' dir='ltr'><strong>qui</strong></span> <span class='ocrx_word' id='word_1_53' title='bbox 445 1048 625 1135; x_wconf 80' lang='lat' dir='ltr'><strong>gubernant</strong></span> <span class='ocrx_word' id='word_1_54' title='bbox 654 1069 704 1112; x_wconf 87' lang='lat' dir='ltr'><strong>res</strong></span> <span class='ocrx_word' id='word_1_55' title='bbox 734 1048 890 1133; x_wconf 88' lang='lat' dir='ltr'><strong>publicas.</strong></span> <span class='ocrx_word' id='word_1_56' title='bbox 936 1047 999 1112; x_wconf 85' lang='lat' dir='ltr'><strong>Sed</strong></span> <span class='ocrx_word' id='word_1_57' title='bbox 1026 1052 1063 1112; x_wconf 93' lang='lat' dir='ltr'><strong>ut</strong></span> <span class='ocrx_word' id='word_1_58' title='bbox 1090 1046 1131 1110; x_wconf 85' lang='lat' dir='ltr'><strong>ad</strong></span> <span class='ocrx_word' id='word_1_59' title='bbox 1157 1070 1234 1131; x_wconf 61' lang='lat' dir='ltr'><strong>pror</strong></span> 
     </span>
     <span class='ocr_line' id='line_1_8' title="bbox 207 1145 1228 1234; baseline 0 -24"><span class='ocrx_word' id='word_1_60' title='bbox 207 1145 354 1229; x_wconf 90' lang='lat' dir='ltr'><strong>positum</strong></span> <span class='ocrx_word' id='word_1_61' title='bbox 389 1147 530 1234; x_wconf 81' lang='lat' dir='ltr'><strong>redeam,</strong></span> <span class='ocrx_word' id='word_1_62' title='bbox 571 1147 740 1211; x_wconf 90' lang='lat' dir='ltr'><strong>locuturus</strong></span> <span class='ocrx_word' id='word_1_63' title='bbox 778 1146 816 1210; x_wconf 91' lang='lat' dir='ltr'><strong>de</strong></span> <span class='ocrx_word' id='word_1_64' title='bbox 853 1145 1090 1233; x_wconf 84' lang='lat' dir='ltr'><strong>gloriosissimo</strong></span> <span class='ocrx_word' id='word_1_65' title='bbox 1128 1167 1228 1232; x_wconf 82' lang='lat' dir='ltr'><strong>grano</strong></span> 
     </span>
     <span class='ocr_line' id='line_1_9' title="bbox 206 1243 1228 1328; baseline -0.001 -20"><span class='ocrx_word' id='word_1_66' title='bbox 206 1244 350 1327; x_wconf 84' lang='lat' dir='ltr'><strong>seminis,</strong></span> <span class='ocrx_word' id='word_1_67' title='bbox 373 1245 465 1308; x_wconf 88' lang='lat' dir='ltr'><strong>cuius</strong></span> <span class='ocrx_word' id='word_1_68' title='bbox 487 1245 612 1328; x_wconf 88' lang='lat' dir='ltr'><strong>primus</strong></span> <span class='ocrx_word' id='word_1_69' title='bbox 634 1243 718 1309; x_wconf 90' lang='lat' dir='ltr'><strong>liber</strong></span> <span class='ocrx_word' id='word_1_70' title='bbox 735 1244 934 1309; x_wconf 76' lang='lat' dir='ltr'><strong>mentionem</strong></span> <span class='ocrx_word' id='word_1_71' title='bbox 952 1244 1040 1327; x_wconf 79' lang='lat' dir='ltr'><strong>facit,</strong></span> <span class='ocrx_word' id='word_1_72' title='bbox 1063 1244 1228 1308; x_wconf 89' lang='lat' dir='ltr'><strong>sciendum</strong></span> 
     </span>
     <span class='ocr_line' id='line_1_10' title="bbox 207 1341 1229 1427; baseline 0.001 -22"><span class='ocrx_word' id='word_1_73' title='bbox 207 1345 258 1406; x_wconf 90' lang='lat' dir='ltr'><strong>est</strong></span> <span class='ocrx_word' id='word_1_74' title='bbox 280 1363 340 1406; x_wconf 85' lang='lat' dir='ltr'><strong>vos</strong></span> <span class='ocrx_word' id='word_1_75' title='bbox 363 1341 428 1406; x_wconf 85' lang='lat' dir='ltr'><strong>late</strong></span> <span class='ocrx_word' id='word_1_76' title='bbox 451 1342 576 1427; x_wconf 88' lang='lat' dir='ltr'><strong>aperire</strong></span> <span class='ocrx_word' id='word_1_77' title='bbox 596 1341 710 1407; x_wconf 89' lang='lat' dir='ltr'><strong>debere</strong></span> <span class='ocrx_word' id='word_1_78' title='bbox 733 1346 845 1426; x_wconf 91' lang='lat' dir='ltr'><strong>portas</strong></span> <span class='ocrx_word' id='word_1_79' title='bbox 868 1341 1061 1425; x_wconf 79' lang='lat' dir='ltr'><strong>intellectus,</strong></span> <span class='ocrx_word' id='word_1_80' title='bbox 1084 1345 1121 1406; x_wconf 90' lang='lat' dir='ltr'><strong>ut</strong></span> <span class='ocrx_word' id='word_1_81' title='bbox 1140 1343 1229 1406; x_wconf 94' lang='lat' dir='ltr'><strong>omni</strong></span> 
     </span>
     <span class='ocr_line' id='line_1_11' title="bbox 204 1439 1287 1525; baseline 0 -22"><span class='ocrx_word' id='word_1_82' title='bbox 204 1443 356 1524; x_wconf 85' lang='lat' dir='ltr'><strong>tempore</strong></span> <span class='ocrx_word' id='word_1_83' title='bbox 379 1439 524 1506; x_wconf 90' lang='lat' dir='ltr'><strong>obtinere</strong></span> <span class='ocrx_word' id='word_1_84' title='bbox 547 1440 680 1524; x_wconf 88' lang='lat' dir='ltr'><strong>possitis</strong></span> <span class='ocrx_word' id='word_1_85' title='bbox 703 1461 813 1504; x_wconf 85' lang='lat' dir='ltr'><strong>veram</strong></span> <span class='ocrx_word' id='word_1_86' title='bbox 840 1439 1001 1505; x_wconf 89' lang='lat' dir='ltr'><strong>iustitiam</strong></span> <span class='ocrx_word' id='word_1_87' title='bbox 1023 1443 1060 1504; x_wconf 93' lang='lat' dir='ltr'><strong>ut</strong></span> <span class='ocrx_word' id='word_1_88' title='bbox 1083 1440 1228 1525; x_wconf 82' lang='lat' dir='ltr'><strong>reginam</strong></span> <span class='ocrx_word' id='word_1_89' title='bbox 1276 1510 1287 1525; x_wconf 25' lang='lat' dir='ltr'>x</span> 
     </span>
     <span class='ocr_line' id='line_1_12' title="bbox 206 1537 1227 1623; baseline -0.001 -22"><span class='ocrx_word' id='word_1_90' title='bbox 206 1538 355 1601; x_wconf 93' lang='lat' dir='ltr'><strong>omnium</strong></span> <span class='ocrx_word' id='word_1_91' title='bbox 387 1538 547 1602; x_wconf 82' lang='lat' dir='ltr'><strong>virtutum</strong></span> <span class='ocrx_word' id='word_1_92' title='bbox 554 1589 563 1623; x_wconf 83' lang='lat'>‚</span> <span class='ocrx_word' id='word_1_93' title='bbox 599 1538 722 1603; x_wconf 88' lang='lat' dir='ltr'><strong>scilicet</strong></span> <span class='ocrx_word' id='word_1_94' title='bbox 755 1537 976 1603; x_wconf 89' lang='lat' dir='ltr'><strong>misericordia</strong></span> <span class='ocrx_word' id='word_1_95' title='bbox 1007 1541 1227 1622; x_wconf 77' lang='lat' dir='ltr'><strong>temperatam.</strong></span> 
     </span>
     <span class='ocr_line' id='line_1_13' title="bbox 205 1633 1228 1722; baseline -0.002 -22"><span class='ocrx_word' id='word_1_96' title='bbox 205 1633 294 1700; x_wconf 87' lang='lat' dir='ltr'><strong>Nam</strong></span> <span class='ocrx_word' id='word_1_97' title='bbox 318 1635 347 1700; x_wconf 91' lang='lat' dir='ltr'><strong>is</strong></span> <span class='ocrx_word' id='word_1_98' title='bbox 370 1636 530 1722; x_wconf 83' lang='lat' dir='ltr'><strong>princeps,</strong></span> <span class='ocrx_word' id='word_1_99' title='bbox 553 1636 610 1720; x_wconf 93' lang='lat' dir='ltr'><strong>qui</strong></span> <span class='ocrx_word' id='word_1_100' title='bbox 632 1635 730 1700; x_wconf 89' lang='lat' dir='ltr'><strong>habet</strong></span> <span class='ocrx_word' id='word_1_101' title='bbox 749 1637 784 1700; x_wconf 93' lang='lat' dir='ltr'><strong>in</strong></span> <span class='ocrx_word' id='word_1_102' title='bbox 803 1657 837 1700; x_wconf 88' lang='lat' dir='ltr'><strong>se</strong></span> <span class='ocrx_word' id='word_1_103' title='bbox 855 1636 1024 1714; x_wconf 88' lang='lat' dir='ltr'><strong>iustitiam,</strong></span> <span class='ocrx_word' id='word_1_104' title='bbox 1046 1634 1228 1700; x_wconf 82' lang='lat' dir='ltr'><strong>nonhabet</strong></span> 
     </span>
     <span class='ocr_line' id='line_1_14' title="bbox 205 1733 1228 1820; baseline 0.001 -24"><span class='ocrx_word' id='word_1_105' title='bbox 205 1733 477 1820; x_wconf 83' lang='lat' dir='ltr'><strong>misericordiam,</strong></span> <span class='ocrx_word' id='word_1_106' title='bbox 513 1734 670 1819; x_wconf 87' lang='lat' dir='ltr'><strong>appellari</strong></span> <span class='ocrx_word' id='word_1_107' title='bbox 706 1737 815 1818; x_wconf 82' lang='lat' dir='ltr'><strong>potest</strong></span> <span class='ocrx_word' id='word_1_108' title='bbox 847 1733 961 1799; x_wconf 91' lang='lat' dir='ltr'><strong>umbra</strong></span> <span class='ocrx_word' id='word_1_109' title='bbox 993 1734 1062 1798; x_wconf 89' lang='lat' dir='ltr'><strong>sine</strong></span> <span class='ocrx_word' id='word_1_110' title='bbox 1095 1754 1228 1818; x_wconf 89' lang='lat' dir='ltr'><strong>corpore</strong></span> 
     </span>
     <span class='ocr_line' id='line_1_15' title="bbox 207 1831 1228 1915; baseline 0 -20"><span class='ocrx_word' id='word_1_111' title='bbox 207 1853 292 1915; x_wconf 86' lang='lat' dir='ltr'><strong>quae</strong></span> <span class='ocrx_word' id='word_1_112' title='bbox 310 1831 445 1915; x_wconf 89' lang='lat' dir='ltr'><strong>paulum</strong></span> <span class='ocrx_word' id='word_1_113' title='bbox 460 1831 554 1896; x_wconf 86' lang='lat' dir='ltr'><strong>durat</strong></span> <span class='ocrx_word' id='word_1_114' title='bbox 574 1835 605 1896; x_wconf 91' lang='lat' dir='ltr'><strong>et</strong></span> <span class='ocrx_word' id='word_1_115' title='bbox 620 1833 782 1896; x_wconf 82' lang='lat' dir='ltr'><strong>evanescit</strong></span> <span class='ocrx_word' id='word_1_116' title='bbox 797 1832 880 1896; x_wconf 86' lang='lat' dir='ltr'><strong>sicut</strong></span> <span class='ocrx_word' id='word_1_117' title='bbox 894 1836 1018 1896; x_wconf 82' lang='lat' dir='ltr'><strong>ventus.</strong></span> <span class='ocrx_word' id='word_1_118' title='bbox 1035 1872 1036 1875; x_wconf 60' lang='lat'><em>=</em></span> <span class='ocrx_word' id='word_1_119' title='bbox 1055 1831 1162 1915; x_wconf 81' lang='lat' dir='ltr'><strong>Papae</strong></span> <span class='ocrx_word' id='word_1_120' title='bbox 1178 1832 1228 1895; x_wconf 90' lang='lat' dir='ltr'><strong>de-</strong></span> 
     </span>
     <span class='ocr_line' id='line_1_16' title="bbox 206 1928 1227 2015; baseline 0.001 -22"><span class='ocrx_word' id='word_1_121' title='bbox 206 1929 305 1993; x_wconf 82' lang='lat' dir='ltr'><strong>cretis</strong></span> <span class='ocrx_word' id='word_1_122' title='bbox 325 1933 358 1993; x_wconf 96' lang='lat' dir='ltr'><strong>et</strong></span> <span class='ocrx_word' id='word_1_123' title='bbox 377 1929 522 1996; x_wconf 90' lang='lat' dir='ltr'><strong>doctores</strong></span> <span class='ocrx_word' id='word_1_124' title='bbox 542 1933 671 1995; x_wconf 88' lang='lat' dir='ltr'><strong>sanctae</strong></span> <span class='ocrx_word' id='word_1_125' title='bbox 685 1928 847 2014; x_wconf 85' lang='lat' dir='ltr'><strong>ecclesiae,</strong></span> <span class='ocrx_word' id='word_1_126' title='bbox 870 1930 1081 2013; x_wconf 87' lang='lat' dir='ltr'><strong>imperatores</strong></span> <span class='ocrx_word' id='word_1_127' title='bbox 1100 1929 1227 2015; x_wconf 81' lang='lat' dir='ltr'><strong>legibus</strong></span> 
     </span>
     <span class='ocr_line' id='line_1_17' title="bbox 206 2026 1228 2111; baseline 0.001 -20"><span class='ocrx_word' id='word_1_128' title='bbox 206 2031 239 2091; x_wconf 90' lang='lat' dir='ltr'><strong>et</strong></span> <span class='ocrx_word' id='word_1_129' title='bbox 263 2027 561 2092; x_wconf 71' lang='lat' dir='ltr'><strong>iussis‘canonibus</strong></span> <span class='ocrx_word' id='word_1_130' title='bbox 585 2050 622 2093; x_wconf 89' lang='lat' dir='ltr'><strong>ac</strong></span> <span class='ocrx_word' id='word_1_131' title='bbox 640 2031 690 2092; x_wconf 91' lang='lat' dir='ltr'><strong>tot</strong></span> <span class='ocrx_word' id='word_1_132' title='bbox 713 2027 910 2092; x_wconf 88' lang='lat' dir='ltr'><strong>nobilissimi</strong></span> <span class='ocrx_word' id='word_1_133' title='bbox 929 2026 1075 2092; x_wconf 85' lang='lat' dir='ltr'><strong>doctores</strong></span> <span class='ocrx_word' id='word_1_134' title='bbox 1095 2027 1228 2111; x_wconf 89' lang='lat' dir='ltr'><strong>scripse·</strong></span> 
     </span>
     <span class='ocr_line' id='line_1_18' title="bbox 206 2125 1227 2210; baseline 0 -21"><span class='ocrx_word' id='word_1_135' title='bbox 206 2129 284 2189; x_wconf 92' lang='lat' dir='ltr'><strong>runt</strong></span> <span class='ocrx_word' id='word_1_136' title='bbox 309 2125 347 2190; x_wconf 94' lang='lat' dir='ltr'><strong>de</strong></span> <span class='ocrx_word' id='word_1_137' title='bbox 370 2127 521 2191; x_wconf 89' lang='lat' dir='ltr'><strong>maximis</strong></span> <span class='ocrx_word' id='word_1_138' title='bbox 544 2125 638 2190; x_wconf 87' lang='lat' dir='ltr'><strong>bonis</strong></span> <span class='ocrx_word' id='word_1_139' title='bbox 662 2146 744 2210; x_wconf 88' lang='lat' dir='ltr'><strong>quae</strong></span> <span class='ocrx_word' id='word_1_140' title='bbox 767 2125 919 2190; x_wconf 85' lang='lat' dir='ltr'><strong>eveniunt</strong></span> <span class='ocrx_word' id='word_1_141' title='bbox 943 2146 982 2189; x_wconf 84' lang='lat' dir='ltr'><strong>ex</strong></span> <span class='ocrx_word' id='word_1_142' title='bbox 1003 2147 1079 2190; x_wconf 86' lang='lat' dir='ltr'><strong>vera</strong></span> <span class='ocrx_word' id='word_1_143' title='bbox 1103 2126 1227 2190; x_wconf 89' lang='lat' dir='ltr'><strong>iustitia</strong></span> 
     </span>
     <span class='ocr_line' id='line_1_19' title="bbox 206 2222 1227 2309; baseline 0 -21"><span class='ocrx_word' id='word_1_144' title='bbox 206 2223 303 2289; x_wconf 92' lang='lat' dir='ltr'><strong>nobis</strong></span> <span class='ocrx_word' id='word_1_145' title='bbox 337 2223 559 2290; x_wconf 86' lang='lat' dir='ltr'><strong>commendata</strong></span> <span class='ocrx_word' id='word_1_146' title='bbox 591 2246 646 2289; x_wconf 92' lang='lat' dir='ltr'><strong>ore</strong></span> <span class='ocrx_word' id='word_1_147' title='bbox 678 2223 730 2289; x_wconf 90' lang='lat' dir='ltr'><strong>dei</strong></span> <span class='ocrx_word' id='word_1_148' title='bbox 762 2223 797 2288; x_wconf 91' lang='lat' dir='ltr'><strong>in</strong></span> <span class='ocrx_word' id='word_1_149' title='bbox 827 2227 937 2288; x_wconf 82' lang='lat' dir='ltr'><strong>sancto</strong></span> <span class='ocrx_word' id='word_1_150' title='bbox 971 2223 1137 2309; x_wconf 84' lang='lat' dir='ltr'><strong>evangelio</strong></span> <span class='ocrx_word' id='word_1_151' title='bbox 1171 2222 1227 2288; x_wconf 92' lang='lat' dir='ltr'><strong>ubi</strong></span> 
     </span>
     <span class='ocr_line' id='line_1_20' title="bbox 206 2322 1227 2408; baseline 0 -22"><span class='ocrx_word' id='word_1_152' title='bbox 206 2322 301 2387; x_wconf 88' lang='lat' dir='ltr'><strong>dicit:</strong></span> <span class='ocrx_word' id='word_1_153' title='bbox 325 2322 435 2387; x_wconf 75' lang='lat' dir='ltr'><strong>‘Beati</strong></span> <span class='ocrx_word' id='word_1_154' title='bbox 455 2323 511 2408; x_wconf 91' lang='lat' dir='ltr'><strong>qui</strong></span> <span class='ocrx_word' id='word_1_155' title='bbox 524 2322 782 2407; x_wconf 79' lang='lat' dir='ltr'><strong>persecutionem</strong></span> <span class='ocrx_word' id='word_1_156' title='bbox 799 2322 969 2407; x_wconf 88' lang='lat' dir='ltr'><strong>patiuntur</strong></span> <span class='ocrx_word' id='word_1_157' title='bbox 985 2326 1118 2407; x_wconf 89' lang='lat' dir='ltr'><strong>propter</strong></span> <span class='ocrx_word' id='word_1_158' title='bbox 1137 2322 1227 2386; x_wconf 89' lang='lat' dir='ltr'><strong>iusti-</strong></span> 
     </span>
     <span class='ocr_line' id='line_1_21' title="bbox 205 2419 1226 2504; baseline 0.002 -21"><span class='ocrx_word' id='word_1_159' title='bbox 205 2421 287 2484; x_wconf 87' lang='lat' dir='ltr'><strong>tiam</strong></span> <span class='ocrx_word' id='word_1_160' title='bbox 295 2422 314 2485; x_wconf 90' lang='lat'><strong>&#39;.</strong></span> <span class='ocrx_word' id='word_1_161' title='bbox 352 2419 415 2498; x_wconf 86' lang='lat' dir='ltr'><strong>Qui</strong></span> <span class='ocrx_word' id='word_1_162' title='bbox 438 2442 504 2486; x_wconf 91' lang='lat' dir='ltr'><strong>non</strong></span> <span class='ocrx_word' id='word_1_163' title='bbox 523 2421 629 2485; x_wconf 87' lang='lat' dir='ltr'><strong>solnm</strong></span> <span class='ocrx_word' id='word_1_164' title='bbox 647 2421 694 2485; x_wconf 93' lang='lat' dir='ltr'><strong>ita</strong></span> <span class='ocrx_word' id='word_1_165' title='bbox 712 2419 949 2504; x_wconf 84' lang='lat' dir='ltr'><strong>intellegendus</strong></span> <span class='ocrx_word' id='word_1_166' title='bbox 969 2424 1026 2504; x_wconf 79' lang='lat' dir='ltr'><strong>est,</strong></span> <span class='ocrx_word' id='word_1_167' title='bbox 1050 2441 1123 2483; x_wconf 92' lang='lat' dir='ltr'><strong>eum</strong></span> <span class='ocrx_word' id='word_1_168' title='bbox 1142 2441 1226 2485; x_wconf 90' lang='lat' dir='ltr'><strong>com-</strong></span> 
     </span>
     <span class='ocr_line' id='line_1_22' title="bbox 205 2517 1226 2602; baseline 0 -21"><span class='ocrx_word' id='word_1_169' title='bbox 205 2517 359 2582; x_wconf 86' lang='lat' dir='ltr'><strong>mendare</strong></span> <span class='ocrx_word' id='word_1_170' title='bbox 382 2518 542 2584; x_wconf 89' lang='lat' dir='ltr'><strong>iustitiam</strong></span> <span class='ocrx_word' id='word_1_171' title='bbox 565 2539 719 2602; x_wconf 85' lang='lat' dir='ltr'><strong>exercere,</strong></span> <span class='ocrx_word' id='word_1_172' title='bbox 737 2518 800 2583; x_wconf 91' lang='lat' dir='ltr'><strong>sed</strong></span> <span class='ocrx_word' id='word_1_173' title='bbox 823 2518 921 2582; x_wconf 90' lang='lat' dir='ltr'><strong>etiam</strong></span> <span class='ocrx_word' id='word_1_174' title='bbox 945 2539 999 2582; x_wconf 91' lang='lat' dir='ltr'><strong>eos</strong></span> <span class='ocrx_word' id='word_1_175' title='bbox 1022 2517 1226 2584; x_wconf 82' lang='lat' dir='ltr'><strong>beatissimos</strong></span> 
     </span>
     <span class='ocr_line' id='line_1_23' title="bbox 205 2616 1226 2701; baseline 0.001 -22"><span class='ocrx_word' id='word_1_176' title='bbox 205 2637 276 2680; x_wconf 89' lang='lat' dir='ltr'><strong>esse</strong></span> <span class='ocrx_word' id='word_1_177' title='bbox 300 2616 393 2699; x_wconf 79' lang='lat' dir='ltr'><strong>dicit,</strong></span> <span class='ocrx_word' id='word_1_178' title='bbox 417 2617 473 2701; x_wconf 92' lang='lat' dir='ltr'><strong>qui</strong></span> <span class='ocrx_word' id='word_1_179' title='bbox 496 2617 663 2701; x_wconf 86' lang='lat' dir='ltr'><strong>patiantur</strong></span> <span class='ocrx_word' id='word_1_180' title='bbox 685 2620 820 2701; x_wconf 89' lang='lat' dir='ltr'><strong>propter</strong></span> <span class='ocrx_word' id='word_1_181' title='bbox 843 2616 1051 2681; x_wconf 84' lang='lat' dir='ltr'><strong>exercendam</strong></span> <span class='ocrx_word' id='word_1_182' title='bbox 1075 2619 1107 2679; x_wconf 87' lang='lat' dir='ltr'><strong>et</strong></span> <span class='ocrx_word' id='word_1_183' title='bbox 1130 2617 1226 2680; x_wconf 82' lang='lat' dir='ltr'><strong>susti-</strong></span> 
     </span>
     <span class='ocr_line' id='line_1_24' title="bbox 206 2713 1225 2800; baseline -0.001 -22"><span class='ocrx_word' id='word_1_184' title='bbox 206 2714 346 2779; x_wconf 82' lang='lat' dir='ltr'><strong>nendam</strong></span> <span class='ocrx_word' id='word_1_185' title='bbox 369 2714 542 2779; x_wconf 85' lang='lat' dir='ltr'><strong>iustitiam:</strong></span> <span class='ocrx_word' id='word_1_186' title='bbox 573 2736 671 2799; x_wconf 89' lang='lat' dir='ltr'><strong>quare</strong></span> <span class='ocrx_word' id='word_1_187' title='bbox 695 2736 731 2779; x_wconf 88' lang='lat' dir='ltr'><strong>ea</strong></span> <span class='ocrx_word' id='word_1_188' title='bbox 754 2735 949 2799; x_wconf 82' lang='lat' dir='ltr'><strong>magnopere</strong></span> <span class='ocrx_word' id='word_1_189' title='bbox 977 2713 1141 2800; x_wconf 81' lang='lat' dir='ltr'><strong>diligenda</strong></span> <span class='ocrx_word' id='word_1_190' title='bbox 1168 2718 1225 2779; x_wconf 90' lang='lat' dir='ltr'><strong>est.</strong></span> 
     </span>
     <span class='ocr_line' id='line_1_25' title="bbox 204 2811 1225 2897; baseline 0 -21"><span class='ocrx_word' id='word_1_191' title='bbox 204 2811 246 2876; x_wconf 92' lang='lat' dir='ltr'><strong>In</strong></span> <span class='ocrx_word' id='word_1_192' title='bbox 269 2834 335 2896; x_wconf 90' lang='lat' dir='ltr'><strong>qua</strong></span> <span class='ocrx_word' id='word_1_193' title='bbox 357 2811 493 2877; x_wconf 82' lang='lat' dir='ltr'><strong>Tullus</strong></span> <span class='ocrx_word' id='word_1_194' title='bbox 517 2812 595 2877; x_wconf 89' lang='lat' dir='ltr'><strong>dicit</strong></span> <span class='ocrx_word' id='word_1_195' title='bbox 619 2834 653 2877; x_wconf 88' lang='lat' dir='ltr'><strong>se</strong></span> <span class='ocrx_word' id='word_1_196' title='bbox 677 2812 740 2876; x_wconf 90' lang='lat' dir='ltr'><strong>duo</strong></span> <span class='ocrx_word' id='word_1_197' title='bbox 764 2833 881 2897; x_wconf 82' lang='lat' dir='ltr'><strong>genera</strong></span> <span class='ocrx_word' id='word_1_198' title='bbox 904 2812 1048 2876; x_wconf 85' lang='lat' dir='ltr'><strong>invenire</strong></span> <span class='ocrx_word' id='word_1_199' title='bbox 1073 2812 1225 2895; x_wconf 83' lang='lat' dir='ltr'><strong>iustitiae,</strong></span> 
     </span>
     <span class='ocr_line' id='line_1_26' title="bbox 204 2909 1224 2995; baseline 0.001 -22"><span class='ocrx_word' id='word_1_200' title='bbox 204 2910 343 2974; x_wconf 85' lang='lat' dir='ltr'><strong>alteram</strong></span> <span class='ocrx_word' id='word_1_201' title='bbox 372 2931 441 2975; x_wconf 90' lang='lat' dir='ltr'><strong>esse</strong></span> <span class='ocrx_word' id='word_1_202' title='bbox 469 2910 628 2975; x_wconf 88' lang='lat' dir='ltr'><strong>iustitiam</strong></span> <span class='ocrx_word' id='word_1_203' title='bbox 660 2910 695 2974; x_wconf 90' lang='lat' dir='ltr'><strong>in</strong></span> <span class='ocrx_word' id='word_1_204' title='bbox 722 2909 832 2991; x_wconf 87' lang='lat' dir='ltr'><strong>corde,</strong></span> <span class='ocrx_word' id='word_1_205' title='bbox 864 2909 997 2974; x_wconf 90' lang='lat' dir='ltr'><strong>alteram</strong></span> <span class='ocrx_word' id='word_1_206' title='bbox 1029 2910 1064 2974; x_wconf 94' lang='lat' dir='ltr'><strong>in</strong></span> <span class='ocrx_word' id='word_1_207' title='bbox 1092 2911 1224 2995; x_wconf 82' lang='lat' dir='ltr'><strong>agendo.</strong></span> 
     </span>
     <span class='ocr_line' id='line_1_27' title="bbox 205 3005 1226 3094; baseline -0.001 -22"><span class='ocrx_word' id='word_1_208' title='bbox 205 3005 340 3072; x_wconf 87' lang='lat' dir='ltr'><strong>Iustitia</strong></span> <span class='ocrx_word' id='word_1_209' title='bbox 363 3008 398 3072; x_wconf 91' lang='lat' dir='ltr'><strong>in</strong></span> <span class='ocrx_word' id='word_1_210' title='bbox 421 3007 516 3073; x_wconf 87' lang='lat' dir='ltr'><strong>corde</strong></span> <span class='ocrx_word' id='word_1_211' title='bbox 544 3012 593 3072; x_wconf 87' lang='lat' dir='ltr'><strong>est</strong></span> <span class='ocrx_word' id='word_1_212' title='bbox 620 3008 713 3072; x_wconf 91' lang='lat' dir='ltr'><strong>firma</strong></span> <span class='ocrx_word' id='word_1_213' title='bbox 741 3010 773 3072; x_wconf 90' lang='lat' dir='ltr'><strong>et</strong></span> <span class='ocrx_word' id='word_1_214' title='bbox 801 3011 952 3073; x_wconf 87' lang='lat' dir='ltr'><strong>constans</strong></span> <span class='ocrx_word' id='word_1_215' title='bbox 975 3007 1139 3094; x_wconf 84' lang='lat' dir='ltr'><strong>voluntas,</strong></span> <span class='ocrx_word' id='word_1_216' title='bbox 1167 3029 1226 3071; x_wconf 91' lang='lat' dir='ltr'><strong>sua</strong></span> 
     </span>
     <span class='ocr_line' id='line_1_28' title="bbox 204 3104 1224 3191; baseline 0.001 -22"><span class='ocrx_word' id='word_1_217' title='bbox 204 3127 368 3191; x_wconf 87' lang='lat' dir='ltr'><strong>quemque</strong></span> <span class='ocrx_word' id='word_1_218' title='bbox 399 3106 468 3170; x_wconf 87' lang='lat' dir='ltr'><strong>iure</strong></span> <span class='ocrx_word' id='word_1_219' title='bbox 497 3104 629 3191; x_wconf 84' lang='lat' dir='ltr'><strong>habere,</strong></span> <span class='ocrx_word' id='word_1_220' title='bbox 660 3128 741 3190; x_wconf 87' lang='lat' dir='ltr'><strong>quae</strong></span> <span class='ocrx_word' id='word_1_221' title='bbox 772 3106 875 3190; x_wconf 87' lang='lat' dir='ltr'><strong>ipsius</strong></span> <span class='ocrx_word' id='word_1_222' title='bbox 905 3106 970 3170; x_wconf 82' lang='lat' dir='ltr'><strong>sint</strong></span> <span class='ocrx_word' id='word_1_223' title='bbox 998 3109 1030 3171; x_wconf 90' lang='lat' dir='ltr'><strong>et</strong></span> <span class='ocrx_word' id='word_1_224' title='bbox 1054 3128 1070 3170; x_wconf 92' lang='lat' dir='ltr'><strong>e</strong></span> <span class='ocrx_word' id='word_1_225' title='bbox 1095 3127 1128 3170; x_wconf 90' lang='lat' dir='ltr'><strong>se</strong></span> <span class='ocrx_word' id='word_1_226' title='bbox 1152 3105 1224 3190; x_wconf 87' lang='lat' dir='ltr'><strong>ipso</strong></span> 
     </span>
     <span class='ocr_line' id='line_1_29' title="bbox 203 3202 1224 3289; baseline -0.003 -19"><span class='ocrx_word' id='word_1_227' title='bbox 203 3202 291 3270; x_wconf 90' lang='lat' dir='ltr'><strong>nihil</strong></span> <span class='ocrx_word' id='word_1_228' title='bbox 313 3204 452 3287; x_wconf 91' lang='lat' dir='ltr'><strong>amplius</strong></span> <span class='ocrx_word' id='word_1_229' title='bbox 481 3203 658 3269; x_wconf 88' lang='lat' dir='ltr'><strong>desiderare</strong></span> <span class='ocrx_word' id='word_1_230' title='bbox 687 3226 785 3289; x_wconf 89' lang='lat' dir='ltr'><strong>quam</strong></span> <span class='ocrx_word' id='word_1_231' title='bbox 814 3204 900 3288; x_wconf 90' lang='lat' dir='ltr'><strong>quod</strong></span> <span class='ocrx_word' id='word_1_232' title='bbox 928 3203 1125 3269; x_wconf 90' lang='lat' dir='ltr'><strong>condicionis</strong></span> <span class='ocrx_word' id='word_1_233' title='bbox 1149 3224 1224 3267; x_wconf 87' lang='lat' dir='ltr'><strong>suae</strong></span> 
     </span>
     <span class='ocr_line' id='line_1_30' title="bbox 203 3301 1224 3386; baseline 0 -21"><span class='ocrx_word' id='word_1_234' title='bbox 203 3301 324 3366; x_wconf 88' lang='lat' dir='ltr'><strong>merito</strong></span> <span class='ocrx_word' id='word_1_235' title='bbox 352 3302 537 3386; x_wconf 85' lang='lat' dir='ltr'><strong>postulatur</strong></span> <span class='ocrx_word' id='word_1_236' title='bbox 563 3323 667 3385; x_wconf 92' lang='lat' dir='ltr'><strong>neque</strong></span> <span class='ocrx_word' id='word_1_237' title='bbox 699 3302 948 3386; x_wconf 5' lang='lat' dir='ltr'><strong>inferrepneque</strong></span> <span class='ocrx_word' id='word_1_238' title='bbox 980 3302 1083 3366; x_wconf 87' lang='lat' dir='ltr'><strong>sinere</strong></span> <span class='ocrx_word' id='word_1_239' title='bbox 1111 3301 1224 3366; x_wconf 87' lang='lat' dir='ltr'><strong>inferri</strong></span> 
     </span>
     <span class='ocr_line' id='line_1_31' title="bbox 202 3397 1223 3486; baseline -0.001 -22"><span class='ocrx_word' id='word_1_240' title='bbox 202 3400 357 3483; x_wconf 87' lang='lat' dir='ltr'><strong>cuiquam</strong></span> <span class='ocrx_word' id='word_1_241' title='bbox 381 3399 484 3484; x_wconf 87' lang='lat' dir='ltr'><strong>alteri,</strong></span> <span class='ocrx_word' id='word_1_242' title='bbox 508 3398 595 3484; x_wconf 89' lang='lat' dir='ltr'><strong>quod</strong></span> <span class='ocrx_word' id='word_1_243' title='bbox 618 3400 687 3484; x_wconf 87' lang='lat' dir='ltr'><strong>ipse</strong></span> <span class='ocrx_word' id='word_1_244' title='bbox 711 3400 774 3465; x_wconf 88' lang='lat' dir='ltr'><strong>sibi</strong></span> <span class='ocrx_word' id='word_1_245' title='bbox 798 3399 910 3464; x_wconf 89' lang='lat' dir='ltr'><strong>inferri</strong></span> <span class='ocrx_word' id='word_1_246' title='bbox 928 3399 1020 3464; x_wconf 91' lang='lat' dir='ltr'><strong>nolit.</strong></span> <span class='ocrx_word' id='word_1_247' title='bbox 1057 3397 1089 3464; x_wconf 92' lang='lat' dir='ltr'><strong>Is</strong></span> <span class='ocrx_word' id='word_1_248' title='bbox 1113 3399 1223 3486; x_wconf 81' lang='lat' dir='ltr'><strong>igitur,</strong></span> 
     </span>
     <span class='ocr_line' id='line_1_32' title="bbox 204 3497 1223 3583; baseline 0.002 -23"><span class='ocrx_word' id='word_1_249' title='bbox 204 3497 263 3581; x_wconf 90' lang='lat' dir='ltr'><strong>qni</strong></span> <span class='ocrx_word' id='word_1_250' title='bbox 287 3497 387 3561; x_wconf 89' lang='lat' dir='ltr'><strong>talem</strong></span> <span class='ocrx_word' id='word_1_251' title='bbox 406 3519 440 3562; x_wconf 92' lang='lat' dir='ltr'><strong>se</strong></span> <span class='ocrx_word' id='word_1_252' title='bbox 458 3497 599 3583; x_wconf 81' lang='lat' dir='ltr'><strong>praebet,</strong></span> <span class='ocrx_word' id='word_1_253' title='bbox 623 3498 745 3562; x_wconf 90' lang='lat' dir='ltr'><strong>amicus</strong></span> <span class='ocrx_word' id='word_1_254' title='bbox 760 3498 811 3562; x_wconf 90' lang='lat' dir='ltr'><strong>dei</strong></span> <span class='ocrx_word' id='word_1_255' title='bbox 830 3502 878 3563; x_wconf 90' lang='lat' dir='ltr'><strong>est</strong></span> <span class='ocrx_word' id='word_1_256' title='bbox 893 3501 925 3561; x_wconf 97' lang='lat' dir='ltr'><strong>et</strong></span> <span class='ocrx_word' id='word_1_257' title='bbox 940 3497 1097 3582; x_wconf 89' lang='lat' dir='ltr'><strong>appellari</strong></span> <span class='ocrx_word' id='word_1_258' title='bbox 1116 3502 1223 3581; x_wconf 91' lang='lat' dir='ltr'><strong>potest</strong></span> 
     </span>
     <span class='ocr_line' id='line_1_33' title="bbox 202 3594 1223 3679; baseline 0 -21"><span class='ocrx_word' id='word_1_259' title='bbox 202 3595 256 3659; x_wconf 77' lang='lat' dir='ltr'><strong>vir</strong></span> <span class='ocrx_word' id='word_1_260' title='bbox 279 3595 366 3659; x_wconf 88' lang='lat' dir='ltr'><strong>iusto</strong></span> <span class='ocrx_word' id='word_1_261' title='bbox 390 3596 498 3659; x_wconf 89' lang='lat' dir='ltr'><strong>animo</strong></span> <span class='ocrx_word' id='word_1_262' title='bbox 522 3600 554 3659; x_wconf 91' lang='lat' dir='ltr'><strong>et</strong></span> <span class='ocrx_word' id='word_1_263' title='bbox 578 3595 662 3659; x_wconf 88' lang='lat' dir='ltr'><strong>iusta</strong></span> <span class='ocrx_word' id='word_1_264' title='bbox 684 3594 859 3659; x_wconf 81' lang='lat' dir='ltr'><strong>voluntate.</strong></span> <span class='ocrx_word' id='word_1_265' title='bbox 906 3594 1014 3679; x_wconf 81' lang='lat' dir='ltr'><strong>lltque</strong></span> <span class='ocrx_word' id='word_1_266' title='bbox 1040 3596 1166 3660; x_wconf 89' lang='lat' dir='ltr'><strong>iustitia</strong></span> <span class='ocrx_word' id='word_1_267' title='bbox 1189 3597 1223 3660; x_wconf 91' lang='lat' dir='ltr'><strong>in</strong></span> 
     </span>
     <span class='ocr_line' id='line_1_34' title="bbox 202 3692 1223 3779; baseline 0.002 -22"><span class='ocrx_word' id='word_1_268' title='bbox 202 3692 332 3779; x_wconf 82' lang='lat' dir='ltr'><strong>agendo</strong></span> <span class='ocrx_word' id='word_1_269' title='bbox 356 3714 392 3757; x_wconf 91' lang='lat' dir='ltr'><strong>ea</strong></span> <span class='ocrx_word' id='word_1_270' title='bbox 416 3697 474 3776; x_wconf 86' lang='lat' dir='ltr'><strong>est,</strong></span> <span class='ocrx_word' id='word_1_271' title='bbox 497 3715 578 3778; x_wconf 91' lang='lat' dir='ltr'><strong>quae</strong></span> <span class='ocrx_word' id='word_1_272' title='bbox 601 3693 743 3778; x_wconf 82' lang='lat' dir='ltr'><strong>pertinet</strong></span> <span class='ocrx_word' id='word_1_273' title='bbox 762 3693 803 3756; x_wconf 90' lang='lat' dir='ltr'><strong>ad</strong></span> <span class='ocrx_word' id='word_1_274' title='bbox 822 3714 932 3758; x_wconf 89' lang='lat' dir='ltr'><strong>omnes</strong></span> <span class='ocrx_word' id='word_1_275' title='bbox 951 3693 1111 3778; x_wconf 88' lang='lat' dir='ltr'><strong>principes</strong></span> <span class='ocrx_word' id='word_1_276' title='bbox 1130 3693 1223 3759; x_wconf 92' lang='lat' dir='ltr'><strong>alios-</strong></span> 
     </span>
     <span class='ocr_line' id='line_1_35' title="bbox 203 3790 1238 3878; baseline -0.008 -22"><span class='ocrx_word' id='word_1_277' title='bbox 203 3813 268 3878; x_wconf 90' lang='lat' dir='ltr'><strong>que</strong></span> <span class='ocrx_word' id='word_1_278' title='bbox 292 3790 440 3860; x_wconf 86' lang='lat' dir='ltr'><strong>dominos</strong></span> <span class='ocrx_word' id='word_1_279' title='bbox 468 3796 499 3856; x_wconf 89' lang='lat' dir='ltr'><strong>et</strong></span> <span class='ocrx_word' id='word_1_280' title='bbox 523 3792 683 3876; x_wconf 83' lang='lat' dir='ltr'><strong>dominas,</strong></span> <span class='ocrx_word' id='word_1_281' title='bbox 710 3791 768 3877; x_wconf 87' lang='lat' dir='ltr'><strong>qui</strong></span> <span class='ocrx_word' id='word_1_282' title='bbox 791 3790 977 3878; x_wconf 75' lang='lat' dir='ltr'><strong>gubernant</strong></span> <span class='ocrx_word' id='word_1_283' title='bbox 1001 3792 1174 3869; x_wconf 63' lang='lat' dir='ltr'><strong>ciuitates,</strong></span> <span class='ocrx_word' id='word_1_284' title='bbox 1191 3795 1238 3850; x_wconf 51' lang='lat' dir='ltr'><strong>aa</strong></span> 
     </span>
    </p>
   </div>
   <div class='ocr_carea' id='block_1_3' title="bbox 0 0 1504 4475">
    <p class='ocr_par' dir='ltr' id='par_1_3' title="bbox 0 0 1504 4475">
     <span class='ocr_line' id='line_1_36' title="bbox 0 0 1504 4475; baseline 0 2"><span class='ocrx_word' id='word_1_285' title='bbox 0 0 1504 4475; x_wconf 95' lang='lat' dir='ltr'><strong> </strong></span> 
     </span>
    </p>
   </div>
  </div>
 </body>
</html>
