3000 4475
411 453 435 503 6.
455 448 504 502 ΒΕ
522 446 758 503 FRAGMENTIS
778 447 1015 503 COLLIGENDIS
1179 448 1224 512 73

195 601 261 658 hoc
284 601 496 660 commentario
520 596 730 659 eonferendum
753 601 812 674 est,
840 599 921 674 quod
946 600 979 658 in
1006 599 1060 658 illo
1085 600 1162 660 libro
1186 600 1227 659 de·

196 688 253 748 off.
272 687 288 746 I
308 690 349 747 93
369 707 433 765 sqq.
461 689 581 768 singula
608 690 782 764 praecepta,
810 707 868 763 qua
895 685 979 748 reste
1006 690 1047 748 sit
1069 688 1227 763 utendum,

198 798 263 854 quo
290 779 426 854 ingressu
454 780 519 836 sim.
545 776 694 836 ducuntur
726 797 761 835 ex
788 779 900 837 virtute
931 778 1112 854 honestatis,
1145 797 1227 855 quae

197 862 243 926 sit
275 885 368 943 genus
402 869 628 943 temperantiae.
682 867 808 925 Rectam
844 885 914 925 vero
953 868 1101 927 actionem
1132 866 1222 926 finem

198 956 424 1032 philosophiae,
452 975 522 1034 ergo
546 957 639 1014 etiam
661 955 783 1015 virtutis
806 973 868 1015 esse
893 954 995 1016 (licere
1019 957 1123 1016 multis
1148 957 1222 1017 locis

200 1044 306 1119 edixit,
329 1067 355 1104 v.
371 1063 394 1104 c.
414 1046 449 1103 de
469 1046 516 1102 off.
531 1045 548 1103 Ι
563 1047 618 1118 19,
638 1047 701 1105 152
713 1063 770 1120 sq.‚
793 1043 829 1103 de
847 1044 896 1101 fin.
910 1044 958 1103 HI
973 1045 1023 1104 55.
1062 1045 1225 1105 simillimo

200 1135 299 1212 igitur
320 1135 409 1194 modo
433 1137 463 1192 et
484 1135 534 1193 hic
560 1137 720 1210 praecepta
748 1153 783 1192 ex
811 1134 936 1212 singulis
963 1133 1125 1194 virtutibus
1153 1134 1227 1193 duci

199 1223 396 1301 intellegitur.
442 1224 483 1282 Ilt
504 1226 569 1283 iure
592 1222 713 1298 quidem
735 1223 801 1282 viro
824 1221 912 1281 docto
931 1221 1108 1283 Gustafsson
1131 1224 1222 1284 offen·

201 1314 282 1372 sioni
305 1305 386 1372 erat¹
409 1313 568 1373 nonnullas
587 1313 695 1372 harum
713 1331 813 1370 rerum
830 1314 958 1372 virtutes
978 1314 1101 1371 minime
1119 1315 1223 1373 vocari

199 1420 297 1477 posse.
342 1402 447 1476 Neque
475 1404 546 1461 sunt
572 1401 713 1474 virtutes,
746 1419 820 1476 quas
847 1401 997 1461 Antonius
1025 1394 1139 1476 affert2,
1170 1402 1222 1460 sed

201 1492 335 1550 actiones
364 1509 382 1548 a
409 1493 522 1550 virtute
549 1490 647 1549 iussae
676 1491 707 1549 et
728 1510 782 1566 per
804 1494 965 1566 praecepta
988 1490 1222 1550 commendatae.

201 1579 290 1648 Quod
308 1583 407 1638 autem
426 1579 462 1638 de
480 1579 665 1656 principibus
683 1582 731 1638 tot
748 1579 839 1638 verba
857 1579 944 1653 fiunt,
962 1598 1021 1638 non
1041 1582 1086 1640 est
1103 1581 1225 1638 mirum,

200 1669 283 1727 Nam
305 1687 372 1728 cum
394 1668 514 1728 iustitia
539 1670 668 1727 maxime
695 1669 804 1727 rectori
830 1670 875 1726 rei
901 1668 1039 1744 publicae
1067 1688 1141 1745 opus
1172 1671 1226 1742 sit,

200 1759 251 1817 hic
278 1758 414 1833 pluribus
442 1758 541 1817 verbis
572 1759 605 1816 in
637 1757 814 1832 explicanda
840 1757 894 1815 illa
921 1758 1033 1818 virtute
1064 1761 1222 1818 tractatur.

201 1847 339 1907 Eandem
361 1848 423 1906 fere
446 1846 624 1906 sententiam
648 1845 750 1906 (licere
774 1846 902 1922 protulit
925 1845 961 1905 de
988 1867 1020 1906 re
1048 1867 1077 1923 p.
1095 1847 1111 1906 Ι
1131 1850 1149 1906 2
1173 1848 1225 1906 his

200 1936 314 1996 verbis:
350 1937 413 1996 Nec
439 1953 506 1996 uero
535 1937 641 1995 babae
667 1938 803 1994 virtutem
830 1938 903 1994 salis
931 1940 984 2005 est,
1015 1939 1103 2011 quast
1129 1941 1222 1996 ortem

201 2026 343 2100 alhaum,
367 2027 428 2084 aare·
445 2030 537 2084 utare.
567 2026 669 2084 Virtus
686 2027 720 2083 iu
737 2027 861 2084 causat
879 2029 938 2084 tolo
951 2028 1051 2099 posito
1070 2030 1126 2097 est·
1148 2043 1223 2085 usaue

201 2119 301 2173 autom
324 2117 387 2174 etus
406 2119 447 2174 est
463 2117 611 2174 mammas
630 2116 756 2173 deitatis
772 2115 952 2188 paternatio.
998 2112 1096 2182 Quare
1114 2117 1147 2174 in
1165 2116 1225 2174 hoc

200 2204 279 2264 libro
302 2205 451 2264 iustitiam
475 2223 492 2262 a
512 2202 654 2264 Cicerone
676 2205 774 2280 primo
797 2202 863 2263 loco
883 2203 1031 2281 agitatam
1053 2222 1115 2264 esse
1138 2207 1222 2281 puto,

201 2294 331 2369 quodie
359 2294 391 2352 in
419 2292 534 2371 agendo
560 2293 721 2353 secundum
745 2292 914 2352 Stoicorum
941 2292 1108 2352 doctrinam
1134 2295 1224 2353 iusti-

200 2384 277 2443 tiam
301 2385 407 2441 oeteris
430 2382 592 2442 virtutibus
615 2373 822 2458 praetulerit.³
867 2379 1000 2449 Quocum
1024 2385 1135 2458 optime
1159 2383 1222 2441 An·

200 2472 279 2531 tonii
315 2472 407 2532 verba
443 2473 620 2549 congruunt,
674 2470 730 2529 Ille
768 2470 846 2529 enim
887 2470 934 2531 bis
971 2472 1051 2530 Tulli
1088 2472 1222 2548 capitum

202 2580 342 2621 numeros
374 2562 473 2635 affert,
508 2580 576 2620 cum
606 2560 680 2619 dicit
704 2560 760 2634 18,
776 2562 816 2619 23
842 2551 913 2641 (20,
932 2561 975 2619 40
995 2552 1030 2641 S)
1060 2561 1159 2620 Tulle
1186 2580 1226 2620 ea

201 2652 318 2709 condit
335 2651 409 2710 ltere
427 2651 474 2709 De
491 2651 648 2709 uirtutibus
667 2654 693 2707 et
715 2668 756 2708 au
776 2649 856 2707 VII‘
878 2650 1038 2724 ebappdtre
1061 2653 1091 2709 et
1111 2652 1163 2725 32,
1178 2652 1220 2709 28

202 2732 268 2821 (26,
285 2742 305 2798 4
321 2731 356 2821 S)
381 2740 480 2799 Tralles
498 2757 534 2798 eu
551 2739 577 2798 le
595 2741 741 2798 aureuma
764 2740 924 2813 oboppillre
946 2742 981 2798 de
1003 2757 1056 2798 sou
1079 2740 1123 2798 dit
1139 2740 1224 2799 licre.

201 2829 309 2904 Itaque
332 2831 359 2888 si
382 2828 480 2887 media
503 2829 565 2887 fere
583 2846 652 2903 pars
672 2827 807 2887 iustitiae
827 2829 924 2903 capite
942 2828 1069 2903 septimo
1089 2830 1224 2893 contine·¹

201 2917 300 2993 batur,
328 2936 388 2977 non
415 2917 511 2976 multa
534 2921 624 2976 antea
647 2916 728 2976 dicta
750 2918 842 2976 fuisse
864 2936 919 2992 pro
943 2922 1022 2977 certo
1050 2917 1222 2976 habendum

201 3010 260 3082 est,
292 3026 389 3083 neque
416 3006 511 3084 igitur
538 3006 598 3065 alia
620 3007 717 3065 virtus
746 3009 835 3065 antea
862 3008 994 3065 tractata
1017 3010 1091 3066 erat.
1136 3006 1221 3065 Idem

202 3096 295 3157 verba
313 3096 339 3157 le
354 3098 485 3169 premier
503 3096 575 3154 liare
595 3096 623 3171 6,
639 3096 658 3175 {3
678 3087 746 3176 (16,
762 3097 802 3153 21
816 3086 850 3175 S)
874 3096 1042 3172 significare
1060 3096 1225 3156 verisimile

202 3188 261 3245 est:
289 3204 395 3260 nempe
418 3184 506 3244 initio
529 3184 607 3243 libri.
634 3216 672 3225 —
698 3184 834 3259 Denique
862 3203 929 3243 oum
957 3185 1167 3245 altercationes
1191 3188 1223 3243 et

203 3274 454 3351 interrogationes
476 3274 509 3332 in
527 3273 653 3333 Antonii
671 3292 778 3333 vocum
798 3275 938 3332 contextu
956 3291 1043 3349 saepe
1066 3276 1224 3334 invenian-

202 3356 280 3437 tur⁴,
308 3364 553 3423 commentarium
580 3362 666 3421 illum
693 3362 848 3441 dialogum
871 3362 962 3422 fuisse
989 3362 1144 3439 probabile
1167 3366 1223 3422 est.

293 3536 320 3603 1)
339 3534 537 3603 BptW1904
555 3550 583 3601 p.
600 3537 677 3586 1277.
788 3534 814 3602 2)
832 3531 932 3600 Neque
949 3532 1089 3587 Antonius
1108 3549 1156 3588 eas
1176 3550 1224 3586 res

201 3605 358 3659 nominarit
379 3605 511 3671 virtutes,
535 3603 585 3659 sed
607 3619 651 3658 res
676 3602 825 3672 capitales:
855 3604 944 3658 choses
966 3606 1140 3659 reuocatum
1159 3610 1221 3671 2,6

203 3680 256 3745 (15,
271 3676 336 3745 38).
409 3678 436 3746 3)
455 3674 536 3741 Quod
555 3692 639 3743 supra
657 3692 685 3743 p.
701 3680 782 3743 ttsq.
802 3674 982 3729 ostendimus.
1019 3675 1115 3729 Alium
1133 3675 1225 3729 habet

203 3746 299 3802 Cicero
323 3746 450 3801 ordinem
468 3748 606 3800 virtutum
629 3746 664 3800 de
682 3745 738 3800 inv.
752 3745 779 3798 H
797 3751 862 3813 160,
890 3746 940 3799 ubi
965 3764 1021 3801 non
1049 3747 1084 3799 de
1110 3747 1224 3801 actione

205 3819 326 3875 disserit.
401 3821 433 3889 a)
452 3826 477 3884 4,
489 3824 523 3872 14
538 3821 592 3888 (16,
602 3823 635 3871 31
647 3816 689 3886 s);
708 3817 944 3888 8,13(17‚1as);
965 3825 1007 3885 14,
1018 3823 1052 3873 aa
1067 3821 1121 3888 (19,
1134 3824 1168 3872 aa
1179 3818 1221 3887 S);
