3000 4475
465 436 490 485 1.
513 431 562 484 111
580 412 983 486 10111111111111111
1189 430 1233 494 45

689 678 709 756 ξ
732 674 753 738 3

345 816 398 882 De
427 822 598 882 veterum
625 818 845 882 nominibus
874 821 911 882 et
937 817 1092 903 legibus

451 924 551 1008 apud
577 923 790 989 Antonium
817 923 995 989 laudatis.

298 1053 388 1113 Nunc
419 1053 455 1113 de
487 1054 658 1114 nominibus
691 1072 768 1130 qnae
796 1053 946 1112 Antonius
978 1055 1011 1111 in
1043 1054 1102 1112 ista
1134 1053 1231 1112 libelli

203 1146 308 1220 parte,
343 1164 435 1219 quam
461 1162 492 1203 se
520 1164 555 1203 ex
585 1144 673 1203 Tullo
704 1144 892 1219 exscripsisse
926 1141 1092 1217 contendit,
1125 1142 1232 1200 laudat

202 1232 356 1292 nonnulla
378 1236 450 1292 sunt
472 1233 604 1292 dicenda.
651 1233 751 1309 Atque
773 1232 904 1308 primum
926 1232 1054 1309 legimus
1078 1230 1109 1289 in
1133 1233 1231 1306 capite

202 1321 290 1400 quod
314 1323 362 1382 est
384 1323 420 1380 de
447 1341 520 1398 pace
547 1325 597 1396 12,
613 1324 631 1381 2
647 1341 711 1399 sqq,
735 1313 803 1403 (18,
824 1323 863 1380 21
885 1339 948 1397 sqq.
969 1313 1004 1401 S)
1033 1322 1232 1396 complurium

202 1410 332 1470 urbium
353 1411 484 1470 nomina.
531 1410 589 1470 Sed
612 1412 788 1489 priusquam
810 1411 846 1470 de
869 1411 916 1470 his
944 1409 1137 1484 disseramus,
1165 1429 1232 1468 cum

203 1519 319 1559 nomen
345 1500 434 1575 Ocytc
462 1503 634 1576 corruptum
661 1500 714 1576 sit,
743 1501 929 1576 quaerimus,
957 1517 1088 1575 quanam
1114 1501 1232 1558 ratione

205 1589 241 1648 id
258 1589 453 1668 corrigemus.
492 1588 566 1648 Cum
587 1592 696 1668 agatur
716 1591 765 1647 hic
786 1589 821 1647 de
840 1588 963 1648 urbibus
983 1607 1060 1664 quae
1078 1587 1157 1647 bello
1178 1591 1232 1646 aut

208 1678 332 1738 dirutae
355 1683 427 1738 sunt
445 1682 500 1737 aut
519 1679 635 1754 aliquid
652 1679 725 1737 mali
745 1682 932 1755 acceperunt,
956 1680 986 1735 et
1005 1696 1072 1735 cum
1091 1680 1231 1737 continuo

208 1767 348 1827 Athenae
376 1771 406 1827 ct
429 1767 561 1844 Thebae,
588 1768 678 1845 paulo
707 1771 809 1826 autem
838 1771 907 1827 ante
935 1766 1026 1826 Troia
1056 1785 1231 1825 commemo-

207 1860 330 1931 rentur,
359 1857 528 1933 proximum
556 1861 615 1932 est,
646 1859 683 1916 ut
711 1858 746 1915 de
770 1858 870 1917 nescio
899 1875 960 1932 qua
987 1856 1071 1914 urbe
1089 1854 1232 1915 Graeciae
1302 1903 1309 1921 ,

205 1946 374 2023 aliquando
407 1946 506 2005 deleta
533 1949 706 2025 cogitemus.
754 1946 853 2022 Atque
887 1945 935 2004 hic
964 1945 1118 2021 aptissime
1145 1944 1232 2004 nobis

204 2038 240 2096 se
265 2034 386 2095 obviam
409 2036 461 2094 dat
482 2036 646 2095 Corinthus
692 2036 771 2094 Nam
794 2036 849 2093 illa
872 2034 942 2092 urbs
967 2036 1079 2111 optime
1103 2034 1233 2110 quadrat

205 2127 241 2184 et
264 2124 305 2182 ad
322 2124 465 2184 viciniam
487 2127 522 2183 ut
539 2127 583 2184 ita
602 2123 700 2184 dicam
718 2124 906 2183 Athenarum
924 2123 1094 2182 Thebarum
1115 2123 1232 2198 Troiae,

205 2216 240 2274 et
259 2213 300 2273 ad
316 2233 388 2289 rem,
406 2233 474 2274 cum
492 2233 528 2274 ea
546 2233 625 2273 anno
645 2234 670 2273 a.
686 2212 796 2273 01111.
814 2214 876 2272 146
897 2212 995 2272 deleta
1014 2215 1062 2272 sit.
1099 2211 1233 2288 Accedit,

207 2303 293 2381 quod
318 2304 392 2363 satis
417 2303 506 2363 facile
531 2304 749 2381 intellegimus,
778 2302 925 2378 quomodo
952 2321 1060 2361 nomen
1088 2302 1231 2377 Cariatha,

206 2412 280 2453 cum
293 2393 337 2452 sic
351 2394 412 2452 fere
426 2393 576 2452 Antonius
590 2392 751 2469 scripserit,
766 2392 980 2469 depravaretur
993 2391 1025 2450 in
1042 2385 1156 2465 Captet
1184 2391 1233 2450 111

208 2482 309 2561 igitur
331 2482 516 2541 emendanda
538 2484 579 2541 sit
600 2481 655 2540 illa
677 2481 775 2541 lectio.
821 2480 950 2540 Proinde
972 2483 1133 2557 postquam
1155 2482 1233 2539 hanc

210 2571 351 2631 mendam
365 2572 514 2649 corrigere
527 2571 707 2646 studuimus,
722 2571 759 2629 de
772 2570 820 2629 his
834 2570 956 2629 urbibus
972 2588 1104 2649 agamus.
1132 2570 1232 2645 Atque

209 2662 247 2719 ut
268 2660 391 2719 Troiam
414 2661 554 2720 omittam
577 2659 728 2738 Carthago
754 2659 857 2719 eodem
880 2678 958 2718 anno
983 2677 1043 2735 quo
1064 2658 1232 2740 Corinthus

211 2749 232 2809 i.
250 2767 275 2809 e.
294 2768 321 2809 a.
342 2748 409 2809 chr.
428 2771 456 2809 1.
478 2752 540 2809 146
561 2750 660 2808 deleta
683 2752 737 2824 est,
761 2748 880 2807 Thebae
899 2768 970 2806 vero
994 2767 1029 2807 ex
1057 2767 1135 2807 anno
1166 2750 1230 2807 335

209 2838 331 2898 dirutae
351 2843 446 2913 erant,
464 2842 495 2898 ct
513 2859 589 2915 quae
608 2840 644 2897 de
665 2838 793 2898 Athenis
811 2837 916 2896 excisis
935 2836 1078 2897 dicuntur
1096 2840 1233 2912 spectant

208 2928 251 2987 ad
268 2928 374 2987 urbem
393 2948 412 2989 a
431 2927 515 2988 Sulla
538 2947 565 2987 a.
581 2929 621 2987 86
647 2928 804 3004 direptam.
842 2926 901 2985 Sed
924 2927 960 2985 de
978 2926 1074 2985 Roma
1097 2925 1232 2985 funditus

208 3036 316 3077 eversa
335 3010 441 3097 (stacte
459 3018 634 3077 destruction
652 3017 671 3077 l.
686 3008 721 3097 l.)
742 3018 919 3092 scriptorem
938 3017 1007 3073 ante
1027 3017 1166 3093 quintum
1184 3016 1232 3075 111

208 3110 329 3165 sertum
347 3126 376 3182 p.
392 3105 460 3166 (ihr.
478 3127 507 3166 n.
531 3106 683 3167 saeculum
706 3106 885 3183 cogitavisse
908 3106 1032 3163 nonest
1054 3104 1231 3179 putandum.

209 3196 293 3275 Ergo
315 3197 369 3254 aut
392 3195 427 3255 de
445 3197 533 3255 malis
553 3194 731 3271 quibusdam
749 3213 826 3270 quae
844 3194 956 3253 Romae
975 3192 1044 3251 urbi
1062 3193 1232 3269 acciderint,

209 3305 273 3346 non
297 3284 334 3343 de
356 3285 502 3345 excisione
525 3284 660 3361 loquitur
683 3286 745 3344 sive
768 3283 918 3342 Antonius
943 3285 1004 3341 sive
1028 3284 1091 3342 eius
1115 3286 1232 3341 auctor:

208 3378 277 3433 tum
297 3373 405 3450 quibus
427 3374 500 3434 belli
522 3374 745 3433 calamitatibus
764 3374 859 3431 Roma
883 3373 990 3432 affecta
1008 3372 1056 3447 sit,
1080 3372 1155 3429 mihi
1173 3391 1231 3431 non

210 3482 288 3539 opus
306 3466 353 3522 111
371 3482 551 3524 enumerare.
587 3462 651 3522 Aut
668 3463 834 3521 Antonium
853 3462 979 3520 Romam
1002 3460 1106 3519 urbem
1124 3460 1160 3519 de
1179 3480 1232 3520 suo

304 3689 330 3757 1)
354 3687 444 3757 Saepe
464 3685 540 3756 apud
559 3686 713 3741 Antonium
736 3684 852 3740 nomina
869 3685 985 3754 propria
1003 3701 1077 3809 guae
1101 3685 1234 3739 dicuntur

213 3757 341 3814 Romana
368 3757 490 3829 legimus
518 3760 662 3827 corrupta;
690 3757 754 3811 vide
778 3772 851 3825 quae
879 3757 979 3811 afferat
1026 3756 1233 3825 cederhjclmus

213 3829 777 3900 11111113111.111ρ.61111.1.
