3000 4475
239 425 283 490 50
550 424 584 479 Π.
605 425 942 482 COMMENTATIONES

239 585 417 657 παραχρῆμα
448 573 594 636 ἀπέδωκε·
635 579 741 652 λιμοῦ
773 575 829 657 γὰρ
863 574 895 637 έν
926 585 961 658 τῇ
993 574 1076 637 πόλει
1111 575 1261 657 ἰσχυροῦ

241 665 457 745 γενομένου,
480 665 605 726 καὶτοῦ
629 663 733 742 ὁμίλου
757 665 867 737 παντὸς
890 664 920 738 ές
938 688 968 726 τε
986 664 1018 726 τὸ
1042 663 1187 743 θέατρον,
1210 665 1259 750 οἴῳ

239 776 271 835 γε
295 753 332 832 δὴ
356 753 406 814 καὶ
429 754 490 815 τότε
514 753 555 814 έτι
578 754 695 837 θεάτρῳ
719 753 749 826 ἐς
772 754 824 827 τὰς
846 755 1028 835 πανηγύρεις
1050 752 1190 834 ἐχρῶντο,
1213 752 1261 816 noi

241 842 311 920 μετὰ
339 852 425 904 τοῦτο
453 842 503 904 καὶ
530 841 561 915 ές
588 843 620 904 τὸ
649 844 837 904 Καπιτώλιον
865 841 922 904 ἐπὶ
951 843 1033 915 τοὺς
1060 842 1260 923 βουλευτὰς

241 933 472 1013 συνεδρεύοντας
510 931 781 1011 ίοπηδησαντος
817 931 867 992 καὶ
903 930 966 994 τοτὲ
1006 929 1060 1011 μὶν
1096 929 1130 993 έν
1164 931 1261 1013 χερσίν

241 1020 373 1095 αὐτοὺς
395 1019 621 1100 ἀποσφάξειν
644 1019 707 1082 τοτὲ
731 1019 763 1082 δὲ
786 1021 836 1082 καὶ
859 1020 1057 1103 καταπρήσειν
1083 1021 1141 1082 σὺν
1162 1020 1262 1093 αὐτοῖς

240 1115 302 1183 τοῖς
322 1116 406 1184 ναοῖς
429 1109 678 1187 ἀπειλοῦντος,
697 1108 793 1172 έπεισί
811 1128 891 1189 σφας
909 1109 1086 1190 ἐπιμελητὴν
1105 1119 1161 1172 τοῦ
1181 1111 1259 1171 σίτου

240 1199 292 1260 τὸν
323 1200 486 1280 Πομπήιον
515 1200 774 1281 προχειρίσασθαι,
807 1198 857 1260 καὶ
889 1199 939 1260 διὰ
968 1208 1055 1260 τοῦτο
1086 1198 1137 1260 καὶ
1170 1197 1261 1281 ἀρχὴν

241 1288 320 1372 αὐτῷ
340 1287 518 1350 ἀνθυπάτου
546 1287 596 1349 καὶ
619 1287 651 1349 έν
674 1298 710 1373 τη
731 1282 836 1373 Ἰταλίᾳ
863 1287 913 1349 καὶ
940 1287 994 1362 ἔξω
1021 1286 1070 1349 ἐπὶ
1098 1287 1187 1350 πέντε
1214 1287 1259 1365 ἔτη

242 1379 356 1439 δοῦναι.
379 1377 429 1438 καὶ
453 1376 469 1438 ὁ
494 1376 556 1457 μέν,
580 1377 676 1459 ὥσπερ
700 1376 748 1438 ε’πὶ
767 1384 828 1450 τοῖς
845 1383 1089 1450 ναταποντεσταῖς
1106 1377 1259 1458 πρότερον,

241 1467 319 1527 odron
347 1466 397 1527 καὶ
424 1466 486 1527 τότε
514 1464 561 1527 ε’πὶ
588 1473 628 1550 τῷ
648 1464 736 1552 σίτῳ1
764 1468 861 1546 πάσης
888 1458 980 1540 αὖθις
1002 1475 1055 1546 τῆς
1083 1466 1258 1545 οἰκουμένης

243 1565 296 1634 τῆς
318 1554 377 1616 ὑπὸ
401 1561 462 1628 τοῖς
477 1550 629 1633 Ῥωμαίοις
652 1558 714 1617 τότε
734 1554 827 1635 οὔσης
844 1554 944 1637 άρξειν
962 1555 1066 1634 ἔμελλε.
1114 1557 1151 1615 V.
1172 1557 1259 1617 etiam

244 1644 303 1705 (lic.
319 1646 358 1704 ad
371 1645 435 1704 Att.
449 1646 573 1720 IV1‚6;
597 1647 734 1705 dedomo
754 1649 907 1722 11.14sq.
925 1650 974 1708 17.
992 1647 1046 1720 253
1069 1646 1258 1706 Mommsen

244 1732 297 1793 Rc
314 1727 379 1793 ΠΙ7
397 1755 426 1811 p.
442 1736 515 1794 316.
536 1767 578 1776 —
596 1735 684 1794 Nunc
701 1755 772 1795 vero
790 1735 959 1794 Fridericus
977 1735 1118 1794 Muenzer
1139 1733 1161 1792 l.
1176 1736 1196 1796 l.
1215 1735 1258 1793 de·

244 1827 424 1883 monstravit
451 1842 485 1883 eo
519 1843 596 1884 anno
633 1824 744 1884 aediles
784 1825 901 1885 curules
943 1826 1034 1884 fuisse
1071 1823 1104 1893 Q.
1135 1823 1260 1884 Fabium

244 1913 407 1971 Maximum
426 1917 457 1971 et
475 1911 507 1982 Q.
522 1913 676 1972 Metellum
695 1913 783 1973 Pium
803 1913 978 1990 Scipionem.
1013 1913 1142 1972 Etcum
1161 1931 1259 1973 curam

244 2021 379 2061 annonae
394 2003 433 2061 ad
447 2003 590 2062 aedilium
604 2002 735 2062 officium
748 2003 897 2078 pertinere
911 2003 990 2062 inter
1004 2020 1106 2061 omnes
1121 1993 1259 2075 constet

243 2091 404 2150 verisimile
421 2096 474 2167 est,
493 2094 519 2151 si
533 2096 598 2150 tum
612 2096 734 2168 propter
748 2093 892 2151 frumenti
905 2093 1063 2151 caritatem
1075 2092 1260 2168 perturbatio

242 2180 356 2241 Romae
385 2184 452 2241 orta
479 2184 536 2256 est,
552 2181 713 2260 ¹populum
739 2184 854 2241 iratum
885 2181 976 2243 fuisse
1009 2185 1113 2241 contra
1143 2181 1258 2241 aediles.

245 2269 300 2328 Oui
328 2290 394 2330 cum
423 2272 557 2349 accedat,
591 2272 671 2347 quod
698 2270 840 2348 Pompeio
873 2290 945 2331 cura
974 2271 1018 2329 rei
1047 2271 1259 2331 frumentariae

243 2361 309 2418 tum
332 2363 452 2419 senatus
476 2361 610 2420 consulto
633 2360 777 2419 mandata
796 2352 867 2434 est³‚
889 2364 1013 2437 propter
1031 2378 1168 2419 emoneo
1192 2362 1259 2420 caii·

243 2451 338 2508 tatem
352 2468 423 2508 cura
436 2450 480 2507 rei
498 2450 712 2509 fnum0ntariae
731 2449 872 2525 adempta
891 2449 1032 2508 aedilium
1051 2451 1261 2508 auctoritatem

244 2537 423 2597 diminutam
452 2558 514 2599 esse
542 2537 627 2598 nobis
655 2538 796 2598 conficere
824 2539 902 2597 licet.
948 2537 1048 2597 Habes
1071 2537 1167 2615 igitur
1190 2536 1261 2597 illud

244 2628 284 2686 tle
300 2618 463 2701 perderent
479 2629 605 2687 l'amour
632 2628 674 2686 άα
691 2629 798 2702 propte
821 2633 848 2686 et
873 2630 974 2701 foreat
999 2628 1126 2687 destrues
1149 2627 1261 2701 μανία

245 2716 366 2776 ctierete‘
391 2734 410 2774 ο
433 2717 555 2775 Romnae
580 2710 750 2776 εονυοηαοέ.
786 2749 823 2759 -
859 2717 922 2776 Hos
950 2716 1024 2776 duos
1051 2718 1133 2776 viros
1162 2716 1262 2775 Cicero

246 2825 364 2881 quoque
388 2824 475 2881 saepe
497 2798 630 2880 laudat⁵‚
658 2807 709 2866 sed
736 2806 823 2864 illum
851 2823 951 2865 casum
979 2823 1127 2880 nusquam
1151 2808 1262 2877 narrat

247 2914 428 2970 quamquam
446 2915 568 2954 namara
586 2895 695 2972 potuit,
719 2915 786 2953 cum
805 2895 868 2971 ipse
887 2895 1019 2970 aliquam
1038 2896 1157 2970 partem
1176 2894 1263 2953 huius

244 2984 289 3041 rei
318 2985 476 3062 attigisset.
522 2984 626 3060 Neque
654 2987 710 3044 hoc
732 2984 901 3060 putandum
929 2986 975 3042 est
996 2984 1164 3042 Antonium
1188 3003 1263 3044 com·

245 3075 380 3132 mentum
402 3092 473 3132 esse.

337 3299 363 3367 1)
382 3294 448 3369 σίτῳ
466 3297 586 3351 inseruit
603 3297 715 3351 Reiske.
776 3298 802 3366 2)
821 3296 976 3350 Mommsen
991 3296 1083 3351 Roem.
1098 3295 1263 3351 stauarum

245 3367 272 3422 ΙΙ
287 3367 317 3422 1²
335 3387 361 3437 p.
375 3374 426 3422 491
439 3385 479 3437 sq.
553 3371 579 3437 3)
598 3368 653 3422 Dio
668 3367 695 3423 C.
710 3367 729 3421 l.
744 3367 777 3435 1.,
793 3367 849 3422 Cic.
864 3368 908 3421 ad.
925 3366 956 3432 Q.
970 3366 1004 3420 fr.
1018 3366 1044 3419 11
1058 3373 1113 3433 5‚1
1135 3366 1194 3421 alii
1212 3366 1262 3419 Ra-

247 3438 402 3493 cantiorum
421 3440 518 3494 videas
540 3440 744 3494 Mommsenum
763 3439 820 3495 BG
833 3438 885 3491 1Π7
902 3456 931 3508 p.
946 3444 998 3492 316
1008 3455 1049 3506 sq.
1140 3441 1168 3507 4)
1188 3437 1262 3503 Quae

247 3526 333 3580 supra
351 3512 480 3580 exposita
498 3512 644 3580 invenisti,
667 3511 728 3580 ipae
746 3511 906 3565 Muenzer
924 3526 975 3579 pen
991 3508 1102 3563 litteras
1121 3508 1261 3578 benignis-

247 3584 317 3636 sime
335 3598 445 3636 mecum
465 3583 687 3637 communicavit.
753 3585 780 3651 5)
798 3581 832 3636 V.
848 3579 1048 3635 Onomaatioon
1062 3576 1262 3635 Tullianumll

246 3672 273 3723 p.
285 3660 345 3708 105.
369 3654 637 3708 Drumann-Groebe
648 3654 802 3710 Geechiclnte
812 3653 897 3707 Renes
911 3652 937 3706 H
949 3671 977 3723 p.
989 3657 1022 3705 36
1031 3670 1091 3721 sqq.
1120 3652 1162 3706 De
1177 3649 1261 3705 Fabio

245 3743 272 3851 lv).
291 3726 508 3781 Muenzerum
528 3726 557 3779 in
571 3724 813 3795 Pauly-Wissowa
827 3724 1104 3795 Realeacyclopaedie
1123 3723 1175 3777 sub
1196 3720 1260 3774 ‘aa

266 3798 398 3851 ius109’.
